2144 3412
901 183 1189 228 -27-

245 318 284 361 ’1.
345 318 543 359 Postremo
590 317 640 358 de
693 328 827 359 eorum
885 315 1211 368 fragmentorum.
1271 325 1371 366 quae
1428 313 1614 354 maiorem
1663 322 1846 351 versuum

244 404 451 435 numerum
479 392 686 440 continent,
716 391 992 443 compositione
1020 401 1146 443 pauca
1175 389 1318 430 addere
1348 388 1445 429 volo.

355 466 402 509 fr.
433 467 472 509 2.
511 466 640 508 Verba
669 458 787 518 ὦναξ
814 459 1047 519 γουνοῦμαί
1067 476 1123 505 σε
1144 464 1199 517 (v.
1222 464 1258 506 1.
1280 461 1323 516 6)
1353 464 1439 515 post
1468 453 1585 513 ὦναξ
1614 459 1847 501 vocabulum

244 542 439 584 enuntiato
467 541 693 594 pronomine
722 539 882 581 relativo
923 539 1103 580 incohato
1146 539 1490 590 interrumpuntur,
1529 536 1642 577 ouius
1681 533 1848 574 altorum

245 616 464 658 membrum
492 627 563 668 per
591 611 641 657 δέ
669 615 915 666 adiungitun
946 613 1029 655 cola
1049 625 1149 666 quae
1169 614 1386 666 sequuntur
1404 622 1474 664 per
1502 605 1554 651 δέ
1579 609 1847 650 adnectuntur.

244 690 411 732 Schema
438 682 560 742 igitur
589 696 669 730 est:
703 701 727 730 a
725 690 844 759 gfff
835 690 878 730 a'
899 690 925 730 b
942 690 1004 730 cd
1020 701 1053 730 e.
1104 688 1187 729 Hoc
1225 689 1355 728 autem
1395 686 1659 738 fragmentum
1689 678 1849 734 λέξεως

200 815 204 819 .
244 759 465 819 εἰρομένης
494 764 693 817 specimen
722 765 920 806 nominare
948 775 1025 804 non
1054 763 1199 804 dubito.
1259 761 1378 809 Deus,
1419 762 1486 814 qui
1515 761 1556 800 in
1585 759 1662 799 fine
1692 759 1849 798 demum

245 838 476 887 nominatur,
506 840 547 880 in
576 840 687 880 initio
706 850 776 891 per
802 839 936 886 socios,
955 849 1119 890 quorum
1141 836 1418 878 consuetudine
1438 835 1569 882 utitur,
1598 832 1842 885 significatur
1886 851 1889 853 Δ

246 938 299 945 —-
330 914 377 956 fr.
403 915 439 956 1.
470 913 679 955 Paululum
709 913 952 954 artificiosior
981 913 1039 953 eet
1058 912 1174 963 primi
1206 911 1391 951 carminis
1422 908 1681 949 conformatio.
1724 906 1851 946 Diana

244 988 482 1041 imploratur,
513 1000 655 1029 numen
685 989 817 1029 autem
848 988 934 1028 eius
964 985 1079 1036 quale
1109 986 1161 1026 sit
1189 985 1411 1025 accuratius
1441 982 1674 1024 describitur
1702 981 1767 1031 ita,
1807 982 1850 1020 ut

246 1063 373 1105 tribus
411 1062 605 1116 epithetis,
653 1073 753 1115 quae
794 1061 1021 1113 gradatione
1061 1060 1227 1112 quadam
1268 1070 1344 1099 non
1385 1058 1527 1104 carent,
1573 1057 1646 1096 dea
1687 1056 1854 1101 ornetur,

249 1138 361 1179 tertio
391 1139 521 1179 autem
553 1148 684 1178 eorum
716 1137 811 1176 deae
851 1146 991 1175 nomen
1021 1134 1262 1186 appositione
1299 1132 1485 1172 addatur:
1526 1124 1758 1184 γουνοῦμαί
1793 1121 1854 1179 σ’,

250 1206 505 1268 ἐλαφηβόλε,
550 1206 692 1266 ξανθὴ
738 1209 826 1250 παῖ
856 1205 979 1258 Διὸς,
1026 1201 1186 1262 ἀγρίων
1226 1200 1429 1248 δέσποιν’
1460 1199 1649 1261 ’.Ἄρτεμι
1690 1201 1853 1259 θηρῶν.

207 1272 210 1274 ’
249 1287 431 1340 Sequitur
451 1286 693 1327 enuntiatum
712 1285 939 1337 pronomine
970 1283 1129 1324 relativo
1150 1283 1343 1323 adnexum
1374 1274 1399 1336 ἢ
1432 1303 1481 1308 -
1512 1271 1734 1332 χαι’ρουσ’;
1763 1273 1855 1329 χαί-

250 1354 377 1414 ρο-υσ’
399 1363 528 1401 autem
545 1359 775 1400 vocabulum
798 1357 973 1399 consulto
993 1359 1033 1398 in
1054 1358 1131 1398 fine
1149 1358 1268 1398 totius
1287 1357 1501 1397 sententiae
1519 1355 1684 1407 ponitur,
1704 1354 1748 1393 ut
1767 1364 1856 1392 oum

249 1436 299 1477 iis
319 1447 419 1488 quae
438 1437 654 1488 sequuntur
674 1424 801 1485 magis
823 1432 1026 1474 coalescat.
1057 1432 1165 1472 Haec
1186 1433 1291 1472 enim
1310 1431 1429 1472 verba
1449 1422 1498 1470 οὗ
1518 1425 1598 1484 γὰρ
1619 1420 1856 1482 ἀνημέρους

252 1505 501 1564 ποιμαίνεις
540 1503 755 1564 πολιήτας
795 1509 867 1548 dea
897 1507 1122 1560 Magnetum
1165 1506 1302 1547 urbem
1341 1506 1554 1557 inspiciens
1592 1515 1662 1544 cur
1690 1502 1859 1555 gaudeat

250 1585 395 1626 dicunt.
469 1583 589 1624 Poeta
629 1582 778 1624 litoteta
821 1575 868 1624 οὗ
910 1578 990 1635 γὰρ
1033 1575 1269 1636 ἀνημέρους
1312 1579 1504 1622 adhibens
1556 1578 1684 1619 verbis
1727 1576 1857 1628 lepide

248 1659 360 1708 ludit,
390 1660 459 1712 qui
488 1659 649 1699 eandem
680 1659 793 1699 deam
833 1658 1047 1698 bestiarum
1090 1657 1285 1697 dominam
1316 1653 1574 1696 nominaverit
1604 1651 1668 1705 (cf.
1701 1650 1857 1692 Wilam.

250 1734 300 1774 ad
331 1733 423 1775 Eur.
452 1733 546 1775 Her.
581 1730 706 1784 1386)
722 1731 773 1785 ⁸).

251 1848 284 1878 in
311 1856 410 1887 prosa
433 1856 562 1887 quoqne
587 1848 735 1877 oratione
760 1846 857 1877 huius
881 1849 1064 1876 structurae
1088 1844 1242 1883 exempla
1264 1843 1499 1883 inveniuntur3
1523 1842 1566 1873 cf.
1592 1840 1696 1873 Thuc.
1713 1840 1729 1871 1
1754 1842 1774 1872 6
1799 1837 1858 1872 καὶ

251 1902 282 1938 οἱ
304 1901 526 1948 πρεσβύτεροι
550 1898 666 1941 αὐτοῖς
689 1902 757 1936 τῶν
782 1899 993 1944 εὐδαιμόνων
1017 1899 1074 1936 διὰ
1097 1898 1136 1935 τὸ
1162 1897 1374 1945 ἁβροδίαιτον
1408 1895 1447 1933 οὗ
1472 1895 1575 1937 πολὺς
1598 1895 1717 1942 χρόνος
1741 1892 1859 1937 ἐπειδὴ

250 1959 396 2006 χιτῶνας
425 1970 463 1994 τε
494 1959 603 1999 λινοῦς
635 1958 825 1994 ἐπαύσαντο
857 1958 1038 2002 φοροῦντες
1074 1957 1133 1992 καὶ
1165 1956 1301 2002 χρυσῶν
1336 1955 1495 1999 τεττίγων
1530 1953 1658 1998 ἐνέρσει
1688 1951 1861 1998 κρωβύλον

250 2013 468 2060 ἀναδούμενοι
491 2017 559 2051 τῶν
583 2015 617 2052 ἐν
639 2016 683 2062 τῇ
708 2015 844 2061 κεφαλῇ
869 2015 1003 2060 τριχῶν.

345 2074 379 2116 8)
405 2073 574 2108 Orationis
613 2075 760 2107 membra
796 2075 962 2107 artissime
995 2074 1081 2106 inter
1116 2083 1152 2105 se
1186 2073 1361 2105 cohaerere
1401 2075 1540 2104 metrum
1578 2079 1708 2112 quoque
1746 2070 1860 2101 docet:

257 2133 409 2174 singulos
433 2133 520 2165 enim
544 2133 704 2173 cuiusque
728 2133 884 2173 strophae
909 2141 1024 2165 versus
1059 2132 1221 2173 synaphia
1245 2131 1330 2163 inter
1364 2139 1399 2162 se
1423 2129 1617 2161 coniunctos
1640 2137 1712 2160 esse
1735 2126 1863 2159 duabus

255 2190 298 2222 de
321 2190 430 2222 causis
453 2194 599 2231 apparet.
651 2190 795 2222 Primum
820 2190 906 2221 enim
930 2190 957 2221 si
982 2189 1055 2235 quie
1079 2198 1196 2220 versus
1221 2188 1314 2220 brevi
1337 2187 1471 2228 syllaba
1493 2187 1527 2217 in
1552 2186 1700 2217 vocalem
1722 2190 1862 2217 exeunte

255 2248 463 2287 terminatur,
488 2257 527 2279 ea
550 2248 743 2288 producitur
767 2248 800 2278 vi
825 2247 966 2287 duplicis
991 2247 1214 2286 consonantis,
1239 2255 1323 2286 qnae
1346 2250 1397 2277 est
1421 2245 1453 2275 in
1478 2243 1708 2284 subsequentis
1744 2251 1861 2274 versus

252 2305 367 2337 initio:
395 2309 425 2345 1,
445 2307 458 2336 1
488 2301 683 2349 ἐλαφηβόλε
698 2302 704 2349 Ι
721 2300 851 2346 &avit-133
875 2304 915 2336 cs.
933 2306 952 2335 5
972 2301 1192 2347 κεκορυμένεΙ
1207 2300 1387 2345 Σμιρδίηῖ
1410 2305 1442 2341 9,
1463 2303 1483 2333 2
1501 2295 1860 2344 κοῐλώτεραΙστῆθεα.

254 2362 318 2394 Bes
334 2362 448 2394 eadem
465 2366 515 2393 est
530 2363 564 2393 in
581 2362 688 2394 ionico
705 2371 835 2403 quoque
855 2367 976 2394 metro:
1002 2364 1042 2395 41
1064 2358 1193 2404 ἐπείτιΙ
1206 2359 1444 2403 στεφανοῦται,
1468 2361 1510 2393 66
1528 2353 1862 2401 πρόπινεΙραδινοῦς.

253 2420 336 2451 item
360 2419 472 2451 brevis
496 2419 629 2460 syllaba
658 2419 692 2451 in
728 2423 962 2451 consonantem
997 2418 1109 2450 exiens
1146 2419 1246 2457 ionga
1276 2418 1312 2449 fit
1344 2420 1546 2449 consonante
1581 2415 1722 2456 proximi
1744 2422 1862 2446 versus

253 2477 391 2510 initiali:
429 2481 459 2518 ι,
485 2478 504 2509 0
529 2471 826 2522 πόλινΙχαίρουσ’;
853 2479 883 2517 8,
902 2480 921 2509 2
947 2473 1360 2519 κυανώπιδεςῐπορφυρῆς
1386 2477 1418 2516 8,
1445 2477 1464 2507 8
1489 2469 1863 2515 ὲκατόνΙΤαρτ-ιισσοῦ.

257 2538 294 2567 11
333 2531 506 2580 ἐρίβρομον
526 2533 533 2579 Ι
554 2533 725 2569 Διόνυσον.
773 2535 903 2566 Deinde
939 2535 972 2566 in
1006 2534 1070 2566 tine
1104 2543 1221 2566 versus
1256 2542 1503 2573 nonnumquam
1534 2531 1628 2564 elisio
1672 2530 1729 2572 tit,
1764 2538 1862 2570 qnam

254 2587 499 2635 ἰπισυναλοιφῆ
522 2601 542 2623 a
564 2592 786 2633 grammaticis
811 2592 973 2624 nominari
990 2591 1241 2623 Choeroboscua
1265 2591 1358 2623 testis
1382 2595 1431 2622 est
1454 2589 1593 2631 (Anecd.
1612 2589 1706 2619 varia
1721 2596 1768 2627 gr.
1786 2586 1802 2617 1
1820 2587 1863 2619 88

254 2646 425 2693 Eundem.)-
452 2648 543 2681 Haec
564 2653 675 2681 antem
698 2654 829 2682 exstant
845 2650 1014 2690 exempla:
1042 2651 1072 2688 2.
1090 2651 1111 2681 4
1135 2646 1355 2691 ἐπιστρέφεαι
1378 2643 1408 2682 δ’
1423 2643 1594 2693 Ιῦψηλᾶςς
1620 2647 1651 2685 8,
1670 2646 1688 2677 '1
1706 2654 1863 2689 καχαρισ·

255 2704 360 2750 μένης
383 2700 415 2741 δ’
426 2700 623 2750 ὶεῦχωλῆςς
647 2708 680 2748 2,
699 2709 740 2740 ιο
763 2703 820 2741 τὸν
846 2703 928 2750 ἐμὸν
952 2702 983 2741 δ’
1001 2703 1115 2750 ἔρωτἸ
1131 2696 1158 2740 ei
1177 2701 1343 2744 Διόνυσις
1371 2707 1389 2738 '1
1416 2699 1757 2749 ἔμοιγἸᾶστιμφῆςς
1781 2701 1863 2734 etin

254 2774 354 2797 versu
379 2763 487 2797 ionico
513 2765 572 2806 88,
598 2766 640 2797 10
663 2759 1053 2808 καλοίσ’1ὖποπίνοντις.
1102 2764 1213 2795 Primo
1238 2764 1272 2794 in
1297 2763 1381 2804 pede
1405 2763 1556 2804 glyconei
1581 2762 1634 2795 vei
1660 2759 1863 2802 pherecratei

254 2831 385 2863 semper
410 2821 476 2854 ure
493 2821 659 2862 spondens
675 2822 829 2862 ponitur-3
850 2822 957 2854 tribus
974 2825 1101 2854 tantum
1128 2822 1208 2853 iocis
1225 2820 1400 2853 trochaeus
1420 2818 1468 2863 (8,
1493 2822 1535 2859 ες
1560 2821 1591 2853 6.
1613 2818 1708 2859 12ι),
1734 2818 1862 2850 duobus

257 2879 384 2912 iambus
409 2879 456 2922 (8,
484 2881 512 2910 ι.
548 2879 606 2918 10)
641 2878 818 2911 invenitur.
869 2880 1002 2920 Dactyli
1035 2878 1259 2911 translationis
1294 2878 1555 2911 vetustissimum
1589 2877 1775 2917 exemplum
1807 2874 1863 2919 (cf.

256 2937 383 2968 wnm.
411 2937 502 2978 rsyn.
528 2946 558 2977 p.
588 2937 650 2969 ιη
677 2936 752 2969 adn.
779 2936 813 2976 ο)
838 2937 996 2969 habemus
1020 2938 1053 2968 in
1079 2939 1111 2978 2,
1138 2938 1156 2967 ο
1184 2931 1321 2978 ὑψηλὰς
1347 2930 1453 2977 ὁρέων
1478 2932 1640 2977 κορυφάς.
