2144 3412
982 165 1263 209 ...78-

318 289 372 334 τὰ
402 285 493 334 ὦτα
524 286 830 361 ἐκκεκώφησαι
862 287 1071 362 καθάπερ
1113 288 1156 335 οἶ
1196 287 1507 362 παρηβηκότες.
1564 293 1764 335 Translate
1800 295 1930 335 autom

319 351 416 391 dixit
446 351 534 390 Eur.
567 350 629 392 Or.
664 350 773 391 1287
806 341 858 403 ἆρ
911 346 956 399 ἐς
984 347 1037 391 τὸ
1064 346 1225 399 κάλλος
1255 345 1550 406 ἐκκεκώφηται
1581 346 1699 406 ξίφη,
1730 350 1770 393 h.
1801 351 1930 392 ο.01)-

318 410 543 448 mutuerunt
572 407 696 459 gladii
727 407 792 460 (ef.
823 406 974 460 schol).

438 461 686 517 ἐμμελέως]
735 464 780 505 fr.
811 464 865 505 40
908 463 958 505 σὲ
997 459 1079 518 γάρ
1121 478 1181 519 φη
1231 459 1466 520 Ιιιργήλιος
1500 461 1721 519 ἐμμελέως
1750 462 1930 517 dccxciv,

319 523 358 562 h.
391 534 422 562 e.
451 521 656 572 'Pargeliue
687 522 842 563 dicebat
870 525 908 563 te
949 521 1078 574 lepide
1108 523 1214 562 diaco
1244 526 1383 563 iacere.
1441 520 1634 564 ὀιοσκεῖν
1663 535 1732 575 pro
1762 519 1931 563 δισκεῖν

317 580 483 619 Cobetus
514 578 592 631 legi
623 578 724 619 vult:
766 582 850 619 tum
882 575 1101 632 ἐμμελέως
1140 591 1294 631 quoque
1324 591 1409 620 esse
1440 581 1679 626 mutandum,
1720 581 1813 632 qnia
1841 591 1931 621 enm

317 634 509 676 διοσκεῖν
539 638 722 688 coniungi
764 649 840 677 non
870 639 1004 688 potest,
1044 638 1213 689 apparet.
1272 636 1321 676 Et
1350 637 1553 678 Heekerue
1581 638 1739 690 quidem
1770 637 1934 678 oonieeit

318 690 549 746 ἐμμενέως.
614 693 691 734 Sed
722 706 792 734 eur
818 695 874 734 ita
902 694 1114 746 legendnm
1157 695 1219 742 sit,
1264 698 1368 734 certe
1399 706 1511 735 nemo
1540 695 1742 736 ostendere
1770 694 1931 747 poterin

317 752 413 791 haee
441 752 563 802 igitur
590 752 708 792 verba
737 751 832 804 qnid
861 751 1017 792 valeant
1060 763 1149 791 oum
1180 751 1342 791 dubium
1388 763 1473 792 esse
1516 764 1591 792 non
1619 754 1752 804 possit,
1779 753 1933 804 integra

320 809 577 848 existimanda
616 812 715 849 sunt.
763 831 810 837 ——
859 804 1081 862 ἐμμελέως
1125 801 1330 861 ὠρχεῦντ’
1372 808 1530 861 Sappho
1558 808 1623 861 (fr.
1654 808 1746 876 54)
1757 809 1855 850 dixit
1884 809 1933 850 da

319 865 465 934 puellis
497 866 659 907 Creticis
690 868 837 922 eireum
858 878 966 906 aram
996 867 1038 906 in
1068 877 1274 906 nnmerum
1304 865 1547 913 saltantibus,
1578 866 1615 906 h.
1637 878 1668 907 e.
1703 859 1933 921 εὐρύθμως

330 918 402 963 ‘im
433 917 563 965 Takt’
623 923 677 964 Of.
719 926 857 964 Anaer.
895 924 939 964 tr.
974 924 1053 964 122
1095 919 1318 980 πηκτίδων
1348 919 1660 977 ἐμμελεστέρας
1702 925 1771 964 sed
1800 930 1933 964 utrum

321 981 369 1020 ad
402 980 508 1021 huno
552 993 602 1021 an
646 981 696 1021 ad
726 981 894 1033 Sappho
925 981 1128 1022 referenda
1171 981 1251 1021 sint
1279 982 1471 1021 incertum
1515 984 1584 1023 est.
1662 980 1862 1021 Translate
1890 982 1935 1021 nt

319 1038 365 1079 fr.
395 1038 449 1079 40
480 1039 627 1079 dietum
658 1040 717 1079 est
747 1040 864 1079 etiam
894 1040 999 1106 apud
1028 1038 1267 1079 Simonidem
1300 1038 1362 1091 (rr.
1395 1039 1432 1087 5,
1463 1038 1528 1091 8).
1571 1031 1671 1079 οὐδέ·
1696 1050 1773 1090 μοι
1796 1033 1932 1092 ἐμμε-

318 1092 428 1144 λέως
458 1094 516 1148 (11.
549 1108 579 1136 e.
610 1094 715 1163 apte)
747 1093 797 1137 τὸ
829 1091 1094 1136 Πιττάκειον
1123 1092 1308 1148 νέμεται,
1357 1100 1394 1136 et
1431 1097 1536 1148 apud
1579 1095 1779 1136 Platonem
1806 1094 1934 1148 (legg.

328 1153 385 1192 Vl
417 1153 499 1193 757
508 1151 572 1221 a):
605 1147 752 1206 ὀρθῶς
781 1167 948 1208 ειρηται
978 1149 1050 1193 καὶ
1083 1149 1289 1206 ἐμμελῶς.

438 1205 686 1279 ἑπίβωτος.]
736 1224 764 1250 α
808 1210 901 1259 378,
941 1211 970 1262 β
1018 1210 1097 1251 143
1139 1207 1271 1259 θεους
1313 1205 1622 1274 ἕπιβοήσομαι.
1670 1209 1791 1252 schol.
1831 1205 1933 1251 ἐπι-

317 1263 606 1322 μαρτι’,ρομαι
650 1264 984 1321 ἑπικαλέσομαι.
1046 1268 1102 1309 Of.
1142 1268 1232 1308 Hes.
1277 1265 1570 1320 ἐπιβοῶνται·
1610 1263 1935 1309 ἐπικαλοῦνται.

320 1325 485 1365 Prorsus
514 1325 632 1365 aliam
663 1327 744 1365 vim
774 1325 894 1365 habet
922 1326 1159 1366 adieetivnm
1190 1325 1297 1366 velut
1326 1326 1431 1377 apud
1460 1327 1597 1366 Anaer.
1628 1326 1672 1366 fr.
1705 1326 1759 1367 60
1789 1320 1866 1366 καί
1883 1317 1935 1378 μ’

326 1378 547 1435 ἐπίβωτον
576 1379 689 1423 κατὰ
731 1378 927 1436 γείτονας
970 1377 1182 1438 ποιήσεις.
1241 1385 1472 1424 Ammonius
1517 1385 1687 1434 quidem,
1702 1383 1799 1450 qui
1838 1382 1936 1423 haee

325 1493 560 1566 ἐπιβόητος
591 1495 815 1567 διαφέρει’
842 1493 1073 1552 διαβόητος
1101 1494 1181 1565 μὲν
1209 1510 1290 1550 γαρ
1311 1494 1431 1538 ἐστιν
1458 1493 1482 1539 ὁ
1513 1491 1589 1538 ἐπ’
1620 1491 1750 1553 ἀρετῇ
1771 1493 1932 1552 ἐγνωσ-

324 1551 477 1622 ¹1135'2199·
520 1551 754 1610 ἑπιβόητος
796 1550 819 1596 ὁ
850 1553 1078 1610 μοχθηρὰν
1118 1550 1228 1606 ἔχων
1269 1550 1424 1610 φήμην.
1484 1554 1561 1596 Sed
1605 1555 1703 1596 haee
1740 1555 1935 1596 distinctio

324 1614 486 1652 nimiam
515 1613 665 1653 redolet
694 1615 836 1653 artem:
866 1615 1074 1665 utrumque
1103 1613 1232 1665 potius
1251 1612 1484 1653 vocabulum
1513 1613 1709 1666 signifieat
1736 1624 1838 1660 eum,
1867 1612 1935 1664 qni

324 1671 497 1710 omnium
526 1671 568 1710 in
597 1683 672 1719 ore,
702 1671 884 1711 omnibns
913 1672 1026 1710 notus
1057 1673 1125 1718 est,
1167 1672 1205 1710 et
1232 1671 1274 1710 in
1303 1671 1443 1710 bonam
1474 1672 1512 1710 et
1539 1671 1582 1710 in
1610 1669 1755 1711 malam
1783 1671 1934 1738 partem

321 1727 538 1768 adhibetur.
597 1728 657 1768 De
673 1722 922 1795 ἐπιβόητος
953 1728 999 1768 ef.
1029 1727 1128 1768 Poll.
1158 1727 1215 1768 VI
1247 1727 1327 1768 206
1360 1729 1398 1768 et
1427 1727 1463 1767 V
1497 1727 1587 1775 15,9
1628 1729 1675 1778 de
1705 1722 1936 1781 διαβόητος

322 1785 412 1825 Hes
444 1798 474 1825 s.
504 1797 558 1827 v.:
605 1781 684 1826 ἐπὶ
725 1783 844 1840 καλῶ
891 1778 1035 1840 φήμην
1079 1779 1202 1836 ἔχων,
1247 1778 1274 1840 ἢ
1315 1785 1447 1839 κακῷ.
1478 1781 1623 1837 Apud
1652 1786 1936 1826 Anacreontom

323 1844 482 1894 quidem
513 1844 553 1883 in
584 1843 728 1883 malam
749 1848 899 1895 partem
921 1844 1063 1883 dietum
1096 1844 1166 1891 est,
1195 1854 1286 1882 nam
1308 1854 1356 1883 ex
1375 1843 1545 1883 carmine
1563 1842 1713 1883 ludioro
1734 1843 1938 1894 desumpta

324 1912 408 1940 esse
438 1901 619 1940 videntur
647 1901 745 1941 haee
776 1901 913 1947 verba;
946 1901 1108 1940 eandem
1138 1901 1218 1940 vim
1248 1900 1367 1940 habet
1395 1900 1500 1967 apud
1532 1900 1806 1968 Asclepiadem
1825 1900 1871 1940 A.
1890 1898 1935 1940 Ρ.

325 1958 359 1996 V
393 1958 484 2004 150,
515 1959 584 1998 ubi
613 1958 761 1998 famosa
805 1959 984 1998 meretrix
1022 1952 1298 2012 ιιοιιιίιιιιιῑιιτῆ
1320 1950 1550 2026 ’πιβόητος
1580 1952 1715 2026 Νικεώ.
1766 1950 1933 1998 ‘'Notna

328 2019 406 2054 eet:
458 2015 620 2056 Aesehr.
659 2017 763 2067 apud
804 2015 947 2056 Athen.
976 2015 1076 2055 VIII
1106 2014 1244 2055 335c:
1272 1972 1373 2083 ηέγιι
1422 2011 1622 2064 Φιλαινὶς
1660 2029 1684 2067 τ,
1724 2007 1937 2067 πίβωτος

323 2067 596 2141 ἀνθρωποις,
640 2073 760 2113 Thuc.
790 2073 847 2113 VI
879 2073 929 2113 16
962 2070 1242 2126 (Alcibiades):
1288 2068 1364 2112 καὶ
1409 2067 1617 2140 προσήκει
1661 2084 1739 2139 μοι
1769 2068 1938 2141 μᾶλλον

328 2124 496 2199 ἑτέρων,
527 2121 562 2170 ὦ
590 2123 850 2199 Ἀθηναῖοι,
883 2125 1028 2198 ἄρχειν
1059 2161 1068 2170 .
1099 2158 1110 2168 .
1141 2160 1172 2179 .,
1215 2125 1291 2169 καὶ
1331 2124 1458 2180 α’ξιος
1489 2123 1587 2197 ἅμα
1616 2124 1806 2197 νομίζω
1810 2120 1935 2170 εἶναι.

327 2184 385 2226 ὡν
414 2185 494 2243 γὰρ
538 2183 641 2243 πέρι
684 2182 922 2242 ἐπιβόητός
959 2182 1062 2240 εἰμι,
1107 2186 1203 2236 τοῖς
1241 2183 1328 2254 μὲν
1358 2182 1592 2256 προγόνοις
1620 2199 1705 2241 μου
1732 2182 1808 2227 καὶ
1836 2181 1936 2240 ἐμοὶ

326 2240 460 2296 δόξαν
489 2241 612 2314 φέρει
641 2258 790 2296 ταυτα,
821 2258 863 2300 '⁶2¹
902 2241 950 2284 δὲ
979 2239 1167 2314 πατρίδι
1191 2239 1266 2284 καὶ
1296 2237 1502 2314 ιιῖφελίαν.

443 2298 680 2369 ἐρασμιος]
740 2303 830 2343 Hes.
871 2297 1101 2357 ἐράσμιον·
1146 2296 1367 2353 ἐπίδοξον,
1408 2298 1665 2354 ἐπέραστον,
1696 2293 1934 2355 ἀγαπητόν,

326 2356 612 2429 ἒπιθιμητόν.
649 2383 696 2389 -
747 2361 899 2400 Semon.
921 2360 958 2408 7,
981 2359 1033 2400 52
1064 2354 1181 2429 κείνῃ
1210 2355 1291 2414 γὰρ
1323 2354 1415 2400 οἴτι
1445 2356 1578 2399 καλὸν
1598 2333 1696 2399 οὐδ’
1727 2353 1804 2414 ἐφί
1837 2371 1936 2414 ερον

328 2413 565 2485 πρόσεστιν
596 2410 695 2458 οὐδὲ
724 2413 910 2471 τερπνὸν
939 2409 1034 2458 οὐδ
1069 2412 1300 2485 ἐράσμιονς
1330 2418 1470 2457 Anaer.
1500 2417 1546 2457 fr.
1568 2417 1621 2458 20
1652 2411 1863 2486 ἕρασμιιῑν
1890 2411 1936 2464 ἐς

325 2468 430 2544 ήβην
447 2475 540 2544 38),
559 2477 785 2517 Anacreont.
818 2474 881 2524 14,
916 2474 938 2514 1
980 2469 1118 2541 ἐρασμ
1087 2469 1166 2529 μίη
1207 2468 1373 2514 πέλεια.
1431 2474 1573 2515 Aeseh.
1602 2475 1676 2526 Ag.
1707 2473 1789 2515 583
1818 2485 1936 2541 ηκειν

331 2528 455 2582 ὅπως
483 2525 655 2584 τάχιστ’
686 2528 898 2601 ἐράσμιον
928 2526 1069 2572 πόλει.
1093 2554 1145 2561 -
1168 2531 1266 2572 Plat.
1295 2531 1460 2572 Phaedr
1493 2532 1631 2572 250d:
1662 2531 1746 2601 νῦνἹῖ
1763 2528 1813 2572 δε
1831 2524 1936 2572 κάλ·

329 2589 403 2638 λος
443 2587 575 2658 μόνον
616 2585 774 2645 ταύτην
816 2585 913 2640 ἔσχε
954 2589 1137 2642 μοῖραν,
1181 2581 1291 2629 ω’στ’
1343 2585 1663 2657 ἐκφανέστατον
1705 2580 1818 2630 εἶναι
1859 2583 1935 2628 καὶ

327 2643 666 2701 ἐρασμιώτατον,
697 2650 791 2700 reip.
821 2647 885 2688 III
916 2646 1060 2687 402d:
1088 2643 1162 2687 καὶ
1191 2643 1275 2715 μὴν
1302 2641 1355 2686 τό
1383 2658 1453 2715 γε
1458 2642 1692 2687 κάλλιστον
1724 2639 1933 2702 εραςμιώ-

327 2719 478 2753 τατον;
507 2705 604 2747 Xen.
635 2718 740 2746 conv.
772 2704 809 2753 8,
841 2704 894 2745 36
925 2703 987 2759 τῷ
1017 2700 1092 2760 τὴν
1122 2701 1264 2760 ψυχὴν
1292 2699 1500 2759 ἑρασμίῳ.

420 2841 478 2878 38)
502 2842 658 2872 Mettum:
701 2864 765 2870 -..
833 2850 985 2870 -υυ-
1049 2850 1202 2870 ..υυ-
1257 2850 1412 2870 ..υυ-
1468 2844 1584 2869 υ-ὲί
1623 2865 1630 2871 .
1692 2839 1791 2871 Aliud
1837 2839 1937 2871 huius

328 2895 444 2918 versus
469 2887 665 2926 asclepiadei
690 2889 874 2928 exemplum
898 2898 964 2919 non
989 2891 1107 2921 exstat.
1155 2886 1307 2919 Ceterum
1331 2887 1372 2919 cf.
1397 2887 1505 2927 Heph.
1531 2897 1566 2928 p.
1591 2888 1634 2919 35
1659 2887 1714 2920 W.
