<?xml version="1.0" encoding="UTF-8"?>
<!DOCTYPE html PUBLIC "-//W3C//DTD XHTML 1.0 Transitional//EN"
    "http://www.w3.org/TR/xhtml1/DTD/xhtml1-transitional.dtd">
<html xmlns="http://www.w3.org/1999/xhtml" xml:lang="en" lang="en">
 <head>
  <title>
</title>
<meta http-equiv="Content-Type" content="text/html;charset=utf-8" />
  <meta name='ocr-system' content='tesseract 3.04.00' />
  <meta name='ocr-capabilities' content='ocr_page ocr_carea ocr_par ocr_line ocrx_word'/>
</head>
<body>
  <div class='ocr_page' id='page_1' title='image "anacreonteascrip00webeuoft_0100.png"; bbox 0 0 2144 3412; ppageno 0'>
   <div class='ocr_carea' id='block_1_1' title="bbox 994 271 1275 315">
    <p class='ocr_par' dir='ltr' id='par_1_1' title="bbox 994 271 1275 315">
     <span class='ocr_line' id='line_1_1' title="bbox 994 271 1275 315; baseline 0 -12"><span class='ocrx_word' id='word_1_1' title='bbox 994 271 1275 315; x_wconf 77' lang='lat'>..92-</span> 
     </span>
    </p>
   </div>
   <div class='ocr_carea' id='block_1_2' title="bbox 330 397 1950 2921">
    <p class='ocr_par' dir='ltr' id='par_1_2' title="bbox 332 397 1935 511">
     <span class='ocr_line' id='line_1_2' title="bbox 333 397 1935 452; baseline 0.001 -13"><span class='ocrx_word' id='word_1_2' title='bbox 333 399 507 439; x_wconf 85' lang='lat' dir='ltr'>mollitiei</span> <span class='ocrx_word' id='word_1_3' title='bbox 540 399 722 438; x_wconf 87' lang='lat' dir='ltr'>deditum.</span> <span class='ocrx_word' id='word_1_4' title='bbox 752 397 898 438; x_wconf 85' lang='lat' dir='ltr'>Eodem</span> <span class='ocrx_word' id='word_1_5' title='bbox 931 399 1041 439; x_wconf 90' lang='lat' dir='ltr'>modo</span> <span class='ocrx_word' id='word_1_6' title='bbox 1064 398 1290 441; x_wconf 79' lang='lat' dir='ltr'>Heraclides</span> <span class='ocrx_word' id='word_1_7' title='bbox 1321 411 1472 452; x_wconf 90' lang='lat' dir='ltr'>quoque</span> <span class='ocrx_word' id='word_1_8' title='bbox 1492 399 1673 442; x_wconf 83' lang='lat' dir='ltr'>Ponticus</span> <span class='ocrx_word' id='word_1_9' title='bbox 1704 399 1935 440; x_wconf 79' lang='lat' dir='ltr'>vocabulum</span> 
     </span>
     <span class='ocr_line' id='line_1_3' title="bbox 332 451 1935 522; baseline 0 -25"><span class='ocrx_word' id='word_1_10' title='bbox 332 457 604 508; x_wconf 83' lang='lat' dir='ltr'>interpretatus</span> <span class='ocrx_word' id='word_1_11' title='bbox 644 457 710 495; x_wconf 90' lang='lat' dir='ltr'>est.</span> <span class='ocrx_word' id='word_1_12' title='bbox 769 455 871 496; x_wconf 84' lang='lat' dir='ltr'>Plut.</span> <span class='ocrx_word' id='word_1_13' title='bbox 903 455 1040 496; x_wconf 89' lang='lat' dir='ltr'>Periel.</span> <span class='ocrx_word' id='word_1_14' title='bbox 1072 457 1146 497; x_wconf 80' lang='lat'>27:</span> <span class='ocrx_word' id='word_1_15' title='bbox 1179 451 1364 510; x_wconf 81' lang='grc' dir='ltr'><strong>Ἔφορος</strong></span> <span class='ocrx_word' id='word_1_16' title='bbox 1404 453 1453 497; x_wconf 80' lang='grc' dir='ltr'>δὲ</span> <span class='ocrx_word' id='word_1_17' title='bbox 1489 454 1563 499; x_wconf 86' lang='grc' dir='ltr'><strong>καὶ</strong></span> <span class='ocrx_word' id='word_1_18' title='bbox 1594 457 1805 522; x_wconf 79' lang='grc' dir='ltr'><strong><em>μηχαναῖς</em></strong></span> <span class='ocrx_word' id='word_1_19' title='bbox 1831 452 1935 511; x_wconf 78' lang='grc' dir='ltr'><strong>χρή-</strong></span> 
     </span>
    </p>

    <p class='ocr_par' dir='ltr' id='par_1_3' title="bbox 330 508 1950 2921">
     <span class='ocr_line' id='line_1_4' title="bbox 333 508 1938 582; baseline 0.002 -29"><span class='ocrx_word' id='word_1_20' title='bbox 333 516 502 553; x_wconf 74' lang='grc' dir='ltr'><strong>σασθαι</strong></span> <span class='ocrx_word' id='word_1_21' title='bbox 531 509 606 552; x_wconf 87' lang='grc' dir='ltr'><strong>τὸν</strong></span> <span class='ocrx_word' id='word_1_22' title='bbox 622 508 848 580; x_wconf 85' lang='grc' dir='ltr'><strong>Περικλέα</strong></span> <span class='ocrx_word' id='word_1_23' title='bbox 878 511 935 565; x_wconf 88' lang='lat' dir='ltr'>(in</span> <span class='ocrx_word' id='word_1_24' title='bbox 957 512 1174 555; x_wconf 79' lang='lat' dir='ltr'>Samiorum</span> <span class='ocrx_word' id='word_1_25' title='bbox 1205 514 1314 554; x_wconf 80' lang='lat' dir='ltr'>urbis</span> <span class='ocrx_word' id='word_1_26' title='bbox 1343 514 1659 582; x_wconf 77' lang='lat' dir='ltr'>oppugnatione),</span> <span class='ocrx_word' id='word_1_27' title='bbox 1685 511 1761 570; x_wconf 71' lang='lat' dir='ltr'>m&#39;y</span> <span class='ocrx_word' id='word_1_28' title='bbox 1788 509 1938 556; x_wconf 86' lang='grc' dir='ltr'><strong>καινό-</strong></span> 
     </span>
     <span class='ocr_line' id='line_1_5' title="bbox 332 557 1939 640; baseline 0 -29"><span class='ocrx_word' id='word_1_29' title='bbox 332 584 490 637; x_wconf 84' lang='grc' dir='ltr'><strong>τητα</strong></span> <span class='ocrx_word' id='word_1_30' title='bbox 478 564 793 638; x_wconf 49' lang='grc' dir='ltr'><strong>’ζαυμοίσαντω</strong></span> <span class='ocrx_word' id='word_1_31' title='bbox 830 563 1107 638; x_wconf 59' lang='grc' dir='ltr'><strong>ᾼρτέμωνος</strong></span> <span class='ocrx_word' id='word_1_32' title='bbox 1152 570 1226 611; x_wconf 85' lang='grc' dir='ltr'>τοῦ</span> <span class='ocrx_word' id='word_1_33' title='bbox 1266 572 1499 639; x_wconf 80' lang='grc' dir='ltr'><strong>μηχανικοῦ</strong></span> <span class='ocrx_word' id='word_1_34' title='bbox 1539 557 1851 640; x_wconf 54' lang='grc' dir='ltr'><strong>παρόντόςη),</strong></span> <span class='ocrx_word' id='word_1_35' title='bbox 1890 585 1939 611; x_wconf 90' lang='grc' dir='ltr'>ον</span> 
     </span>
     <span class='ocr_line' id='line_1_6' title="bbox 330 622 1938 699; baseline 0.001 -32"><span class='ocrx_word' id='word_1_36' title='bbox 330 624 469 679; x_wconf 81' lang='grc' dir='ltr'><strong>χωλὸν</strong></span> <span class='ocrx_word' id='word_1_37' title='bbox 499 622 604 667; x_wconf 89' lang='grc' dir='ltr'><strong>όντα</strong></span> <span class='ocrx_word' id='word_1_38' title='bbox 642 623 716 667; x_wconf 82' lang='grc' dir='ltr'><strong>καὶ</strong></span> <span class='ocrx_word' id='word_1_39' title='bbox 747 622 909 682; x_wconf 78' lang='grc' dir='ltr'><strong>φορειίιι)</strong></span> <span class='ocrx_word' id='word_1_40' title='bbox 941 624 1054 682; x_wconf 80' lang='grc' dir='ltr'><strong>πρὸς</strong></span> <span class='ocrx_word' id='word_1_41' title='bbox 1084 626 1138 669; x_wconf 85' lang='grc' dir='ltr'><strong>τὰ</strong></span> <span class='ocrx_word' id='word_1_42' title='bbox 1173 623 1483 681; x_wconf 80' lang='grc' dir='ltr'><em>κατεπείγοντα</em></span> <span class='ocrx_word' id='word_1_43' title='bbox 1521 629 1606 670; x_wconf 84' lang='grc' dir='ltr'><strong>τῶν</strong></span> <span class='ocrx_word' id='word_1_44' title='bbox 1636 624 1770 699; x_wconf 80' lang='grc' dir='ltr'><em>ἔργων</em></span> <span class='ocrx_word' id='word_1_45' title='bbox 1800 639 1938 698; x_wconf 89' lang='grc' dir='ltr'><strong>προσ-</strong></span> 
     </span>
     <span class='ocr_line' id='line_1_7' title="bbox 331 677 1941 756; baseline 0.002 -32.004"><span class='ocrx_word' id='word_1_46' title='bbox 331 680 619 753; x_wconf 79' lang='grc' dir='ltr'><strong>κομιζόμενον</strong></span> <span class='ocrx_word' id='word_1_47' title='bbox 649 677 945 753; x_wconf 74' lang='grc' dir='ltr'><strong>ονομασθῆναι</strong></span> <span class='ocrx_word' id='word_1_48' title='bbox 960 681 1271 754; x_wconf 85' lang='grc' dir='ltr'><strong>περιφόρητον.</strong></span> <span class='ocrx_word' id='word_1_49' title='bbox 1310 698 1435 726; x_wconf 83' lang='grc' dir='ltr'><strong>τουτο</strong></span> <span class='ocrx_word' id='word_1_50' title='bbox 1455 682 1536 739; x_wconf 79' lang='grc' dir='ltr'><strong>μὲν</strong></span> <span class='ocrx_word' id='word_1_51' title='bbox 1565 679 1638 728; x_wconf 75' lang='grc' dir='ltr'>οὖν</span> <span class='ocrx_word' id='word_1_52' title='bbox 1655 681 1941 756; x_wconf 61' lang='grc' dir='ltr'><strong>(Ηρακλείὸης</strong></span> 
     </span>
     <span class='ocr_line' id='line_1_8' title="bbox 333 735 1939 811; baseline 0.002 -30"><span class='ocrx_word' id='word_1_53' title='bbox 333 757 356 781; x_wconf 91' lang='grc' dir='ltr'>ο</span> <span class='ocrx_word' id='word_1_54' title='bbox 387 738 604 791; x_wconf 80' lang='grc' dir='ltr'><strong>Ποντικὸς</strong></span> <span class='ocrx_word' id='word_1_55' title='bbox 643 737 802 810; x_wconf 76' lang='grc' dir='ltr'><strong>ἐλέγχει</strong></span> <span class='ocrx_word' id='word_1_56' title='bbox 840 742 935 791; x_wconf 83' lang='grc' dir='ltr'><strong>τοῖς</strong></span> <span class='ocrx_word' id='word_1_57' title='bbox 951 735 1272 811; x_wconf 70' lang='grc' dir='ltr'><strong>Ἀνακρέοντος</strong></span> <span class='ocrx_word' id='word_1_58' title='bbox 1302 738 1552 810; x_wconf 64' lang='grc' dir='ltr'><strong>ποιίμασιν,</strong></span> <span class='ocrx_word' id='word_1_59' title='bbox 1586 741 1631 785; x_wconf 79' lang='grc' dir='ltr'>ἐν</span> <span class='ocrx_word' id='word_1_60' title='bbox 1660 735 1730 793; x_wconf 87' lang='grc' dir='ltr'>οἷς</span> <span class='ocrx_word' id='word_1_61' title='bbox 1760 756 1784 783; x_wconf 92' lang='grc' dir='ltr'>ο</span> <span class='ocrx_word' id='word_1_62' title='bbox 1815 755 1939 795; x_wconf 87' lang='grc' dir='ltr'><strong>περι-</strong></span> 
     </span>
     <span class='ocr_line' id='line_1_9' title="bbox 335 792 1942 870; baseline 0.002 -32"><span class='ocrx_word' id='word_1_63' title='bbox 335 795 534 867; x_wconf 65' lang='grc' dir='ltr'><strong>φόριγτος</strong></span> <span class='ocrx_word' id='word_1_64' title='bbox 558 792 785 868; x_wconf 75' lang='grc' dir='ltr'>Ἀρτέμων</span> <span class='ocrx_word' id='word_1_65' title='bbox 824 792 1082 853; x_wconf 83' lang='grc' dir='ltr'><strong>ὀνομάζεται</strong></span> <span class='ocrx_word' id='word_1_66' title='bbox 1128 798 1317 848; x_wconf 81' lang='grc' dir='ltr'><strong>πολλαῖς</strong></span> <span class='ocrx_word' id='word_1_67' title='bbox 1358 795 1613 869; x_wconf 69' lang='grc' dir='ltr'><strong>ἔμπροσθεν</strong></span> <span class='ocrx_word' id='word_1_68' title='bbox 1651 796 1839 870; x_wconf 72' lang='grc' dir='ltr'><strong>τιλικιάις</strong></span> <span class='ocrx_word' id='word_1_69' title='bbox 1867 799 1942 841; x_wconf 85' lang='grc' dir='ltr'>τοῦ</span> 
     </span>
     <span class='ocr_line' id='line_1_10' title="bbox 336 851 1941 926; baseline 0.001 -29"><span class='ocrx_word' id='word_1_70' title='bbox 336 853 436 908; x_wconf 85' lang='grc' dir='ltr'><strong>περὶ</strong></span> <span class='ocrx_word' id='word_1_71' title='bbox 469 852 617 910; x_wconf 78' lang='grc' dir='ltr'><strong>Σάμον</strong></span> <span class='ocrx_word' id='word_1_72' title='bbox 647 853 845 923; x_wconf 85' lang='grc' dir='ltr'><strong>πολέμου</strong></span> <span class='ocrx_word' id='word_1_73' title='bbox 874 854 948 897; x_wconf 84' lang='grc' dir='ltr'><strong>καὶ</strong></span> <span class='ocrx_word' id='word_1_74' title='bbox 978 856 1063 898; x_wconf 79' lang='grc' dir='ltr'><strong>τῶν</strong></span> <span class='ocrx_word' id='word_1_75' title='bbox 1094 852 1361 926; x_wconf 79' lang='grc' dir='ltr'><strong><em>πραγμάτων</em></strong></span> <span class='ocrx_word' id='word_1_76' title='bbox 1391 853 1583 898; x_wconf 77' lang='grc' dir='ltr'>ἐκείνων·</span> <span class='ocrx_word' id='word_1_77' title='bbox 1614 856 1689 900; x_wconf 80' lang='grc' dir='ltr'><strong>τὸν</strong></span> <span class='ocrx_word' id='word_1_78' title='bbox 1719 851 1761 899; x_wconf 82' lang='grc' dir='ltr'>δ’</span> <span class='ocrx_word' id='word_1_79' title='bbox 1790 851 1941 911; x_wconf 75' lang='grc' dir='ltr'><strong>Ἁρτέ·</strong></span> 
     </span>
     <span class='ocr_line' id='line_1_11' title="bbox 332 908 1942 983; baseline 0.001 -28"><span class='ocrx_word' id='word_1_80' title='bbox 332 909 456 983; x_wconf 86' lang='grc' dir='ltr'><strong>μωνά</strong></span> <span class='ocrx_word' id='word_1_81' title='bbox 488 926 592 969; x_wconf 76' lang='grc' dir='ltr'><strong>φησι</strong></span> <span class='ocrx_word' id='word_1_82' title='bbox 623 908 835 982; x_wconf 80' lang='grc' dir='ltr'><strong>τριφερόν</strong></span> <span class='ocrx_word' id='word_1_83' title='bbox 862 928 959 955; x_wconf 85' lang='grc' dir='ltr'><strong>τινα</strong></span> <span class='ocrx_word' id='word_1_84' title='bbox 988 915 1058 983; x_wconf 67' lang='grc' dir='ltr'><strong>τιιιῑ</strong></span> <span class='ocrx_word' id='word_1_85' title='bbox 1095 911 1179 969; x_wconf 84' lang='grc' dir='ltr'>βίῳ</span> <span class='ocrx_word' id='word_1_86' title='bbox 1218 911 1293 955; x_wconf 84' lang='grc' dir='ltr'><strong>καὶ</strong></span> <span class='ocrx_word' id='word_1_87' title='bbox 1334 913 1447 983; x_wconf 83' lang='grc' dir='ltr'><strong>πρὸς</strong></span> <span class='ocrx_word' id='word_1_88' title='bbox 1476 912 1576 964; x_wconf 74' lang='grc' dir='ltr'><strong>τοὺς</strong></span> <span class='ocrx_word' id='word_1_89' title='bbox 1605 911 1769 971; x_wconf 78' lang='grc' dir='ltr'><strong>φόβους</strong></span> <span class='ocrx_word' id='word_1_90' title='bbox 1797 913 1942 969; x_wconf 89' lang='grc' dir='ltr'><strong>μαλα-</strong></span> 
     </span>
     <span class='ocr_line' id='line_1_12' title="bbox 333 954 1943 1040; baseline 0.001 -28"><span class='ocrx_word' id='word_1_91' title='bbox 333 986 410 1012; x_wconf 91' lang='grc' dir='ltr'>κον</span> <span class='ocrx_word' id='word_1_92' title='bbox 429 967 537 1014; x_wconf 86' lang='grc' dir='ltr'><strong>όντα</strong></span> <span class='ocrx_word' id='word_1_93' title='bbox 566 968 640 1012; x_wconf 84' lang='grc' dir='ltr'><strong>καὶ</strong></span> <span class='ocrx_word' id='word_1_94' title='bbox 670 969 969 1040; x_wconf 56' lang='grc' dir='ltr'><strong>καταῖιλῗιῖα</strong></span> <span class='ocrx_word' id='word_1_95' title='bbox 947 969 1002 1013; x_wconf 78' lang='grc' dir='ltr'><strong>τὰ</strong></span> <span class='ocrx_word' id='word_1_96' title='bbox 1033 954 1178 1013; x_wconf 76' lang='grc' dir='ltr'>ιπολλοὶ</span> <span class='ocrx_word' id='word_1_97' title='bbox 1207 968 1288 1026; x_wconf 80' lang='grc' dir='ltr'><strong>μὲν</strong></span> <span class='ocrx_word' id='word_1_98' title='bbox 1317 966 1433 1014; x_wconf 67' lang='grc' dir='ltr'><strong>οἴκοι</strong></span> <span class='ocrx_word' id='word_1_99' title='bbox 1463 969 1752 1023; x_wconf 69' lang='grc' dir='ltr'><strong>καθέζεσθαι,</strong></span> <span class='ocrx_word' id='word_1_100' title='bbox 1780 970 1943 1040; x_wconf 61' lang='grc' dir='ltr'><strong>χαλκῆν</strong></span> 
     </span>
     <span class='ocr_line' id='line_1_13' title="bbox 332 1023 1945 1097; baseline -0.001 -26"><span class='ocrx_word' id='word_1_101' title='bbox 332 1023 505 1071; x_wconf 77' lang='grc' dir='ltr'><strong><em>ἀσπίδα</em></strong></span> <span class='ocrx_word' id='word_1_102' title='bbox 535 1029 610 1085; x_wconf 73' lang='grc' dir='ltr'><strong>τῆς</strong></span> <span class='ocrx_word' id='word_1_103' title='bbox 630 1027 820 1097; x_wconf 70' lang='grc' dir='ltr'><strong>κεφαλῆς</strong></span> <span class='ocrx_word' id='word_1_104' title='bbox 841 1029 970 1070; x_wconf 81' lang='grc' dir='ltr'><strong>αυτοῦ</strong></span> <span class='ocrx_word' id='word_1_105' title='bbox 999 1027 1121 1071; x_wconf 84' lang='grc' dir='ltr'><strong>δυοῖν</strong></span> <span class='ocrx_word' id='word_1_106' title='bbox 1141 1025 1320 1071; x_wconf 83' lang='grc' dir='ltr'><strong>οἰκετῶν</strong></span> <span class='ocrx_word' id='word_1_107' title='bbox 1340 1025 1648 1084; x_wconf 81' lang='grc' dir='ltr'><strong>υπερεχόντων,</strong></span> <span class='ocrx_word' id='word_1_108' title='bbox 1679 1024 1790 1071; x_wconf 75' lang='grc' dir='ltr'><strong>ὥστε</strong></span> <span class='ocrx_word' id='word_1_109' title='bbox 1811 1027 1945 1085; x_wconf 79' lang='grc' dir='ltr'><strong>μηδεν</strong></span> 
     </span>
     <span class='ocr_line' id='line_1_14' title="bbox 333 1044 1944 1156; baseline -0.002 -28"><span class='ocrx_word' id='word_1_110' title='bbox 333 1084 543 1141; x_wconf 82' lang='grc' dir='ltr'><strong>εμπεσεῖν</strong></span> <span class='ocrx_word' id='word_1_111' title='bbox 582 1085 667 1127; x_wconf 82' lang='grc' dir='ltr'><strong>τῶν</strong></span> <span class='ocrx_word' id='word_1_112' title='bbox 710 1080 901 1127; x_wconf 72' lang='grc' dir='ltr'><strong>ἄνωθεν·</strong></span> <span class='ocrx_word' id='word_1_113' title='bbox 945 1083 982 1128; x_wconf 84' lang='grc' dir='ltr'>εἰ</span> <span class='ocrx_word' id='word_1_114' title='bbox 1028 1084 1076 1128; x_wconf 79' lang='grc' dir='ltr'>δὲ</span> <span class='ocrx_word' id='word_1_115' title='bbox 1102 1083 1325 1156; x_wconf 78' lang='grc' dir='ltr'><strong>βιασθείῃ</strong></span> <span class='ocrx_word' id='word_1_116' title='bbox 1368 1086 1619 1153; x_wconf 75' lang='grc' dir='ltr'>προελθεῖν,</span> <span class='ocrx_word' id='word_1_117' title='bbox 1662 1084 1731 1128; x_wconf 78' lang='grc' dir='ltr'>ἐν</span> <span class='ocrx_word' id='word_1_118' title='bbox 1746 1044 1944 1154; x_wconf 78' lang='grc' dir='ltr'><strong>κλινιδίῳ</strong></span> 
     </span>
     <span class='ocr_line' id='line_1_15' title="bbox 334 1139 1946 1213; baseline -0.001 -27.999"><span class='ocrx_word' id='word_1_119' title='bbox 334 1145 563 1213; x_wconf 74' lang='grc' dir='ltr'><strong>κρεμαστῷ</strong></span> <span class='ocrx_word' id='word_1_120' title='bbox 609 1141 731 1196; x_wconf 78' lang='grc' dir='ltr'><strong>παρὰ</strong></span> <span class='ocrx_word' id='word_1_121' title='bbox 771 1141 847 1200; x_wconf 73' lang='grc' dir='ltr'><strong>τὴν</strong></span> <span class='ocrx_word' id='word_1_122' title='bbox 892 1157 967 1199; x_wconf 73' lang='grc' dir='ltr'>γτν</span> <span class='ocrx_word' id='word_1_123' title='bbox 1009 1139 1139 1212; x_wconf 80' lang='grc' dir='ltr'><strong>αὐτὴν</strong></span> <span class='ocrx_word' id='word_1_124' title='bbox 1179 1139 1522 1199; x_wconf 78' lang='grc' dir='ltr'><strong>περιφερόμενον</strong></span> <span class='ocrx_word' id='word_1_125' title='bbox 1563 1140 1829 1198; x_wconf 79' lang='grc' dir='ltr'><strong>κομίζεσθαι</strong></span> <span class='ocrx_word' id='word_1_126' title='bbox 1872 1140 1946 1185; x_wconf 82' lang='grc' dir='ltr'>καὶ</span> 
     </span>
     <span class='ocr_line' id='line_1_16' title="bbox 333 1196 1947 1257; baseline 0 -15"><span class='ocrx_word' id='word_1_127' title='bbox 333 1199 407 1243; x_wconf 78' lang='grc' dir='ltr'>διὰ</span> <span class='ocrx_word' id='word_1_128' title='bbox 437 1202 563 1243; x_wconf 76' lang='grc' dir='ltr'><strong>τοῦτο</strong></span> <span class='ocrx_word' id='word_1_129' title='bbox 601 1199 812 1255; x_wconf 76' lang='grc' dir='ltr'><strong>κληθῆναι</strong></span> <span class='ocrx_word' id='word_1_130' title='bbox 856 1196 1159 1257; x_wconf 62' lang='grc' dir='ltr'><strong>περιφόρητον.</strong></span> <span class='ocrx_word' id='word_1_131' title='bbox 1219 1202 1450 1243; x_wconf 80' lang='lat' dir='ltr'>Heraclides</span> <span class='ocrx_word' id='word_1_132' title='bbox 1490 1203 1624 1254; x_wconf 87' lang='lat' dir='ltr'>igitur,</span> <span class='ocrx_word' id='word_1_133' title='bbox 1664 1203 1756 1255; x_wconf 88' lang='lat' dir='ltr'>quia</span> <span class='ocrx_word' id='word_1_134' title='bbox 1797 1203 1876 1242; x_wconf 87' lang='lat' dir='ltr'>iam</span> <span class='ocrx_word' id='word_1_135' title='bbox 1907 1202 1947 1242; x_wconf 89' lang='lat' dir='ltr'>in</span> 
     </span>
     <span class='ocr_line' id='line_1_17' title="bbox 333 1260 1948 1326; baseline -0.001 -26"><span class='ocrx_word' id='word_1_136' title='bbox 333 1260 586 1300; x_wconf 81' lang='lat' dir='ltr'>Anacreontis</span> <span class='ocrx_word' id='word_1_137' title='bbox 625 1260 864 1299; x_wconf 82' lang='lat' dir='ltr'>carminibus</span> <span class='ocrx_word' id='word_1_138' title='bbox 904 1260 1100 1300; x_wconf 91' lang='lat' dir='ltr'>hominem</span> <span class='ocrx_word' id='word_1_139' title='bbox 1151 1260 1349 1326; x_wconf 81' lang='lat' dir='ltr'>quendam</span> <span class='ocrx_word' id='word_1_140' title='bbox 1394 1261 1568 1300; x_wconf 90' lang='lat' dir='ltr'>eiusdem</span> <span class='ocrx_word' id='word_1_141' title='bbox 1613 1260 1782 1300; x_wconf 83' lang='lat' dir='ltr'>nominis</span> <span class='ocrx_word' id='word_1_142' title='bbox 1812 1260 1948 1300; x_wconf 88' lang='lat' dir='ltr'>eodem</span> 
     </span>
     <span class='ocr_line' id='line_1_18' title="bbox 332 1318 1948 1370; baseline 0 -13"><span class='ocrx_word' id='word_1_143' title='bbox 332 1319 445 1358; x_wconf 87' lang='lat' dir='ltr'>modo</span> <span class='ocrx_word' id='word_1_144' title='bbox 476 1318 696 1357; x_wconf 82' lang='lat' dir='ltr'>denotatum</span> <span class='ocrx_word' id='word_1_145' title='bbox 738 1328 824 1356; x_wconf 91' lang='lat' dir='ltr'>esse</span> <span class='ocrx_word' id='word_1_146' title='bbox 865 1318 973 1364; x_wconf 87' lang='lat' dir='ltr'>vidit,</span> <span class='ocrx_word' id='word_1_147' title='bbox 1015 1329 1129 1370; x_wconf 90' lang='lat' dir='ltr'>quem</span> <span class='ocrx_word' id='word_1_148' title='bbox 1172 1318 1374 1357; x_wconf 82' lang='lat' dir='ltr'>acerrimis</span> <span class='ocrx_word' id='word_1_149' title='bbox 1413 1318 1544 1357; x_wconf 82' lang='lat' dir='ltr'>verbis</span> <span class='ocrx_word' id='word_1_150' title='bbox 1574 1319 1751 1357; x_wconf 88' lang='lat' dir='ltr'>vexatum</span> <span class='ocrx_word' id='word_1_151' title='bbox 1782 1328 1806 1356; x_wconf 83' lang='lat' dir='ltr'>a</span> <span class='ocrx_word' id='word_1_152' title='bbox 1834 1319 1948 1369; x_wconf 81' lang='lat' dir='ltr'>poeta</span> 
     </span>
     <span class='ocr_line' id='line_1_19' title="bbox 333 1373 1947 1427; baseline -0.001 -12"><span class='ocrx_word' id='word_1_153' title='bbox 333 1378 489 1427; x_wconf 89' lang='lat' dir='ltr'>propter</span> <span class='ocrx_word' id='word_1_154' title='bbox 519 1375 680 1414; x_wconf 84' lang='lat' dir='ltr'>nimiam</span> <span class='ocrx_word' id='word_1_155' title='bbox 711 1373 907 1414; x_wconf 84' lang='lat' dir='ltr'>luxuriam</span> <span class='ocrx_word' id='word_1_156' title='bbox 937 1375 995 1414; x_wconf 88' lang='lat' dir='ltr'>sic</span> <span class='ocrx_word' id='word_1_157' title='bbox 1026 1375 1266 1414; x_wconf 88' lang='lat' dir='ltr'>nominatum</span> <span class='ocrx_word' id='word_1_158' title='bbox 1288 1386 1373 1415; x_wconf 90' lang='lat' dir='ltr'>esse</span> <span class='ocrx_word' id='word_1_159' title='bbox 1393 1375 1566 1426; x_wconf 86' lang='lat' dir='ltr'>putabat,</span> <span class='ocrx_word' id='word_1_160' title='bbox 1598 1374 1698 1414; x_wconf 88' lang='lat' dir='ltr'>hanc</span> <span class='ocrx_word' id='word_1_161' title='bbox 1729 1373 1876 1426; x_wconf 82' lang='lat' dir='ltr'>Ephori</span> <span class='ocrx_word' id='word_1_162' title='bbox 1899 1375 1947 1414; x_wconf 90' lang='lat' dir='ltr'>de</span> 
     </span>
     <span class='ocr_line' id='line_1_20' title="bbox 331 1431 1941 1483; baseline -0.001 -11"><span class='ocrx_word' id='word_1_163' title='bbox 331 1433 553 1472; x_wconf 84' lang='lat' dir='ltr'>Artemonis</span> <span class='ocrx_word' id='word_1_164' title='bbox 583 1431 859 1471; x_wconf 80' lang='lat' dir='ltr'>machinatoris</span> <span class='ocrx_word' id='word_1_165' title='bbox 890 1431 1100 1472; x_wconf 89' lang='lat' dir='ltr'>clauditate</span> <span class='ocrx_word' id='word_1_166' title='bbox 1131 1432 1357 1471; x_wconf 89' lang='lat' dir='ltr'>memoriam</span> <span class='ocrx_word' id='word_1_167' title='bbox 1387 1434 1430 1471; x_wconf 91' lang='lat' dir='ltr'>ut</span> <span class='ocrx_word' id='word_1_168' title='bbox 1459 1432 1595 1471; x_wconf 86' lang='lat' dir='ltr'>falsam</span> <span class='ocrx_word' id='word_1_169' title='bbox 1627 1432 1862 1483; x_wconf 82' lang='lat' dir='ltr'>repudiavit.</span> <span class='ocrx_word' id='word_1_170' title='bbox 1900 1455 1941 1459; x_wconf 93' lang='lat'>--</span> 
     </span>
     <span class='ocr_line' id='line_1_21' title="bbox 331 1487 1949 1556; baseline -0.001 -26"><span class='ocrx_word' id='word_1_171' title='bbox 331 1490 496 1530; x_wconf 88' lang='lat' dir='ltr'>Prorsus</span> <span class='ocrx_word' id='word_1_172' title='bbox 526 1488 605 1528; x_wconf 87' lang='lat' dir='ltr'>alia</span> <span class='ocrx_word' id='word_1_173' title='bbox 635 1490 693 1528; x_wconf 88' lang='lat' dir='ltr'>est</span> <span class='ocrx_word' id='word_1_174' title='bbox 721 1490 942 1529; x_wconf 82' lang='lat' dir='ltr'>Artemonis</span> <span class='ocrx_word' id='word_1_175' title='bbox 970 1490 1105 1555; x_wconf 86' lang='lat' dir='ltr'>imago</span> <span class='ocrx_word' id='word_1_176' title='bbox 1136 1501 1252 1556; x_wconf 89' lang='lat' dir='ltr'>quam</span> <span class='ocrx_word' id='word_1_177' title='bbox 1283 1489 1564 1540; x_wconf 85' lang='lat' dir='ltr'>Aristophanes</span> <span class='ocrx_word' id='word_1_178' title='bbox 1595 1489 1792 1530; x_wconf 82' lang='lat' dir='ltr'>describit.</span> <span class='ocrx_word' id='word_1_179' title='bbox 1853 1487 1949 1529; x_wconf 84' lang='lat' dir='ltr'>Ach.</span> 
     </span>
     <span class='ocr_line' id='line_1_22' title="bbox 334 1539 1949 1615; baseline -0.001 -28"><span class='ocrx_word' id='word_1_180' title='bbox 334 1547 439 1587; x_wconf 82' lang='lat'>848:</span> <span class='ocrx_word' id='word_1_181' title='bbox 482 1539 581 1587; x_wconf 67' lang='lat' dir='ltr'>oi-&#39;d</span> <span class='ocrx_word' id='word_1_182' title='bbox 625 1542 806 1596; x_wconf 76' lang='grc' dir='ltr'><strong>ἐντυχών</strong></span> <span class='ocrx_word' id='word_1_183' title='bbox 847 1542 891 1586; x_wconf 76' lang='grc' dir='ltr'>ἐν</span> <span class='ocrx_word' id='word_1_184' title='bbox 930 1539 1092 1602; x_wconf 79' lang='grc' dir='ltr'><strong>τᾶγορᾷ</strong></span> <span class='ocrx_word' id='word_1_185' title='bbox 1136 1541 1345 1615; x_wconf 84' lang='grc' dir='ltr'><strong>πρόσεισί</strong></span> <span class='ocrx_word' id='word_1_186' title='bbox 1385 1557 1455 1586; x_wconf 88' lang='grc' dir='ltr'>σοι</span> <span class='ocrx_word' id='word_1_187' title='bbox 1493 1542 1688 1598; x_wconf 78' lang='grc' dir='ltr'><strong><em>βαδίζων</em></strong></span> <span class='ocrx_word' id='word_1_188' title='bbox 1727 1546 1949 1614; x_wconf 79' lang='grc' dir='ltr'><strong>Κρατῖνος</strong></span> 
     </span>
     <span class='ocr_line' id='line_1_23' title="bbox 334 1596 1944 1659; baseline -0.001 -15"><span class='ocrx_word' id='word_1_189' title='bbox 334 1596 385 1644; x_wconf 78' lang='grc' dir='ltr'>αὖ</span> <span class='ocrx_word' id='word_1_190' title='bbox 430 1601 693 1658; x_wconf 83' lang='grc' dir='ltr'><strong>κεκαρμένος</strong></span> <span class='ocrx_word' id='word_1_191' title='bbox 731 1600 885 1657; x_wconf 78' lang='grc' dir='ltr'><strong>μοιχὸν</strong></span> <span class='ocrx_word' id='word_1_192' title='bbox 928 1604 1009 1659; x_wconf 72' lang='grc' dir='ltr'>μιᾷ</span> <span class='ocrx_word' id='word_1_193' title='bbox 1052 1617 1257 1659; x_wconf 77' lang='grc' dir='ltr'><strong>μαχαιρᾳ,</strong></span> <span class='ocrx_word' id='word_1_194' title='bbox 1305 1617 1329 1643; x_wconf 87' lang='grc' dir='ltr'>ο</span> <span class='ocrx_word' id='word_1_195' title='bbox 1375 1599 1668 1658; x_wconf 80' lang='grc' dir='ltr'><strong>περιπόνηρος</strong></span> <span class='ocrx_word' id='word_1_196' title='bbox 1704 1597 1944 1656; x_wconf 76' lang='grc' dir='ltr'><strong>Ἀρτέμων.</strong></span> 
     </span>
     <span class='ocr_line' id='line_1_24' title="bbox 334 1660 1946 1729; baseline -0.001 -27"><span class='ocrx_word' id='word_1_197' title='bbox 334 1662 614 1729; x_wconf 78' lang='lat' dir='ltr'>Aristophanes</span> <span class='ocrx_word' id='word_1_198' title='bbox 644 1662 774 1712; x_wconf 86' lang='lat' dir='ltr'>igitur.</span> <span class='ocrx_word' id='word_1_199' title='bbox 805 1662 871 1713; x_wconf 89' lang='lat' dir='ltr'>qui</span> <span class='ocrx_word' id='word_1_200' title='bbox 903 1661 1048 1729; x_wconf 89' lang='lat' dir='ltr'>duplici</span> <span class='ocrx_word' id='word_1_201' title='bbox 1080 1662 1192 1702; x_wconf 91' lang='lat' dir='ltr'>modo</span> <span class='ocrx_word' id='word_1_202' title='bbox 1223 1663 1503 1701; x_wconf 86' lang='lat' dir='ltr'>Anacreontem</span> <span class='ocrx_word' id='word_1_203' title='bbox 1533 1662 1707 1701; x_wconf 80' lang='lat' dir='ltr'>imitatus</span> <span class='ocrx_word' id='word_1_204' title='bbox 1750 1662 1809 1701; x_wconf 87' lang='lat' dir='ltr'>est</span> <span class='ocrx_word' id='word_1_205' title='bbox 1838 1660 1946 1711; x_wconf 86' lang='lat' dir='ltr'>(nam</span> 
     </span>
     <span class='ocr_line' id='line_1_25' title="bbox 335 1711 1949 1773; baseline -0.001 -13"><span class='ocrx_word' id='word_1_206' title='bbox 335 1722 448 1772; x_wconf 86' lang='lat' dir='ltr'>poeta</span> <span class='ocrx_word' id='word_1_207' title='bbox 502 1721 540 1759; x_wconf 84' lang='lat' dir='ltr'>et</span> <span class='ocrx_word' id='word_1_208' title='bbox 583 1713 605 1759; x_wconf 84' lang='grc' dir='ltr'>ὁ</span> <span class='ocrx_word' id='word_1_209' title='bbox 653 1714 946 1773; x_wconf 80' lang='grc' dir='ltr'><strong>περιφόρητος</strong></span> <span class='ocrx_word' id='word_1_210' title='bbox 991 1712 1218 1772; x_wconf 79' lang='grc' dir='ltr'><strong><em>Ἀρτέμων</em></strong></span> <span class='ocrx_word' id='word_1_211' title='bbox 1271 1721 1309 1758; x_wconf 91' lang='lat' dir='ltr'>et</span> <span class='ocrx_word' id='word_1_212' title='bbox 1354 1713 1377 1758; x_wconf 82' lang='grc' dir='ltr'>ὁ</span> <span class='ocrx_word' id='word_1_213' title='bbox 1418 1714 1606 1772; x_wconf 76' lang='grc' dir='ltr'><strong>πονηρὸς</strong></span> <span class='ocrx_word' id='word_1_214' title='bbox 1650 1714 1674 1757; x_wconf 73' lang='grc' dir='ltr'><strong>ὅ</strong></span> <span class='ocrx_word' id='word_1_215' title='bbox 1721 1711 1949 1771; x_wconf 79' lang='grc' dir='ltr'><strong><em>Ἀρτέμων</em></strong></span> 
     </span>
     <span class='ocr_line' id='line_1_26' title="bbox 333 1775 1948 1830; baseline -0.001 -12"><span class='ocrx_word' id='word_1_216' title='bbox 333 1775 445 1830; x_wconf 83' lang='lat' dir='ltr'>dixit)</span> <span class='ocrx_word' id='word_1_217' title='bbox 479 1778 562 1817; x_wconf 90' lang='lat' dir='ltr'>eius</span> <span class='ocrx_word' id='word_1_218' title='bbox 592 1777 711 1816; x_wconf 90' lang='lat' dir='ltr'>verba</span> <span class='ocrx_word' id='word_1_219' title='bbox 740 1777 961 1817; x_wconf 86' lang='lat' dir='ltr'>immutavit</span> <span class='ocrx_word' id='word_1_220' title='bbox 992 1788 1036 1817; x_wconf 91' lang='lat' dir='ltr'>ea</span> <span class='ocrx_word' id='word_1_221' title='bbox 1068 1777 1114 1816; x_wconf 89' lang='lat' dir='ltr'>de</span> <span class='ocrx_word' id='word_1_222' title='bbox 1145 1787 1273 1824; x_wconf 88' lang='lat' dir='ltr'>causa,</span> <span class='ocrx_word' id='word_1_223' title='bbox 1303 1777 1347 1815; x_wconf 91' lang='lat' dir='ltr'>ut</span> <span class='ocrx_word' id='word_1_224' title='bbox 1377 1777 1509 1816; x_wconf 85' lang='lat' dir='ltr'>contra</span> <span class='ocrx_word' id='word_1_225' title='bbox 1539 1777 1714 1815; x_wconf 90' lang='lat' dir='ltr'>omnium</span> <span class='ocrx_word' id='word_1_226' title='bbox 1751 1777 1948 1827; x_wconf 69' lang='lat' dir='ltr'>exspecta·</span> 
     </span>
     <span class='ocr_line' id='line_1_27' title="bbox 331 1833 1947 1886; baseline -0.002 -11"><span class='ocrx_word' id='word_1_227' title='bbox 331 1836 475 1875; x_wconf 87' lang='lat' dir='ltr'>tionem</span> <span class='ocrx_word' id='word_1_228' title='bbox 507 1835 564 1874; x_wconf 87' lang='lat' dir='ltr'>sic</span> <span class='ocrx_word' id='word_1_229' title='bbox 594 1846 761 1886; x_wconf 88' lang='lat' dir='ltr'>pergens</span> <span class='ocrx_word' id='word_1_230' title='bbox 792 1835 931 1874; x_wconf 87' lang='lat' dir='ltr'>acerba</span> <span class='ocrx_word' id='word_1_231' title='bbox 961 1846 1047 1874; x_wconf 90' lang='lat' dir='ltr'>cum</span> <span class='ocrx_word' id='word_1_232' title='bbox 1070 1835 1250 1874; x_wconf 86' lang='lat' dir='ltr'>irrisione</span> <span class='ocrx_word' id='word_1_233' title='bbox 1270 1833 1370 1873; x_wconf 92' lang='lat' dir='ltr'>illud</span> <span class='ocrx_word' id='word_1_234' title='bbox 1392 1834 1519 1873; x_wconf 89' lang='lat' dir='ltr'>dicere</span> <span class='ocrx_word' id='word_1_235' title='bbox 1550 1833 1720 1873; x_wconf 86' lang='lat' dir='ltr'>voluisse</span> <span class='ocrx_word' id='word_1_236' title='bbox 1741 1833 1947 1873; x_wconf 83' lang='lat' dir='ltr'>videretur.</span> 
     </span>
     <span class='ocr_line' id='line_1_28' title="bbox 331 1890 1948 1942; baseline -0.002 -10"><span class='ocrx_word' id='word_1_237' title='bbox 331 1893 430 1942; x_wconf 84' lang='lat' dir='ltr'>Quia</span> <span class='ocrx_word' id='word_1_238' title='bbox 459 1894 588 1932; x_wconf 86' lang='lat' dir='ltr'>autem</span> <span class='ocrx_word' id='word_1_239' title='bbox 627 1891 702 1931; x_wconf 91' lang='lat' dir='ltr'>hoc</span> <span class='ocrx_word' id='word_1_240' title='bbox 741 1892 864 1939; x_wconf 90' lang='lat' dir='ltr'>modo,</span> <span class='ocrx_word' id='word_1_241' title='bbox 907 1891 1044 1931; x_wconf 86' lang='lat' dir='ltr'>leviter</span> <span class='ocrx_word' id='word_1_242' title='bbox 1082 1893 1232 1931; x_wconf 81' lang='lat' dir='ltr'>tantum</span> <span class='ocrx_word' id='word_1_243' title='bbox 1272 1902 1353 1931; x_wconf 90' lang='lat' dir='ltr'>rem</span> <span class='ocrx_word' id='word_1_244' title='bbox 1395 1891 1581 1937; x_wconf 86' lang='lat' dir='ltr'>indicans,</span> <span class='ocrx_word' id='word_1_245' title='bbox 1612 1891 1660 1930; x_wconf 92' lang='lat' dir='ltr'>ad</span> <span class='ocrx_word' id='word_1_246' title='bbox 1693 1890 1948 1930; x_wconf 78' lang='lat' dir='ltr'>Anacreontis</span> 
     </span>
     <span class='ocr_line' id='line_1_29' title="bbox 335 1947 1948 1997; baseline -0.001 -8"><span class='ocrx_word' id='word_1_247' title='bbox 335 1951 453 1990; x_wconf 87' lang='lat' dir='ltr'>verba</span> <span class='ocrx_word' id='word_1_248' title='bbox 483 1949 635 1997; x_wconf 85' lang='lat' dir='ltr'>alludit,</span> <span class='ocrx_word' id='word_1_249' title='bbox 666 1950 815 1989; x_wconf 85' lang='lat' dir='ltr'>constat</span> <span class='ocrx_word' id='word_1_250' title='bbox 845 1951 928 1989; x_wconf 84' lang='lat' dir='ltr'>tum</span> <span class='ocrx_word' id='word_1_251' title='bbox 950 1950 1034 1989; x_wconf 88' lang='lat' dir='ltr'>eius</span> <span class='ocrx_word' id='word_1_252' title='bbox 1064 1950 1236 1989; x_wconf 87' lang='lat' dir='ltr'>carmina</span> <span class='ocrx_word' id='word_1_253' title='bbox 1258 1948 1423 1988; x_wconf 89' lang='lat' dir='ltr'>Athenis</span> <span class='ocrx_word' id='word_1_254' title='bbox 1453 1949 1626 1988; x_wconf 85' lang='lat' dir='ltr'>omnium</span> <span class='ocrx_word' id='word_1_255' title='bbox 1657 1948 1700 1987; x_wconf 91' lang='lat' dir='ltr'>in</span> <span class='ocrx_word' id='word_1_256' title='bbox 1729 1958 1794 1987; x_wconf 92' lang='lat' dir='ltr'>ore</span> <span class='ocrx_word' id='word_1_257' title='bbox 1814 1947 1948 1987; x_wconf 82' lang='lat' dir='ltr'>fuisse.</span> 
     </span>
     <span class='ocr_line' id='line_1_30' title="bbox 333 2003 1947 2073; baseline -0.002 -26"><span class='ocrx_word' id='word_1_258' title='bbox 333 2008 442 2057; x_wconf 86' lang='lat' dir='ltr'>Quod</span> <span class='ocrx_word' id='word_1_259' title='bbox 473 2019 518 2047; x_wconf 84' lang='lat' dir='ltr'>ex</span> <span class='ocrx_word' id='word_1_260' title='bbox 547 2007 673 2046; x_wconf 88' lang='lat' dir='ltr'>tribus</span> <span class='ocrx_word' id='word_1_261' title='bbox 703 2006 791 2046; x_wconf 88' lang='lat' dir='ltr'>aliis</span> <span class='ocrx_word' id='word_1_262' title='bbox 821 2018 974 2058; x_wconf 87' lang='lat' dir='ltr'>quoque</span> <span class='ocrx_word' id='word_1_263' title='bbox 1003 2006 1096 2046; x_wconf 92' lang='lat' dir='ltr'>locis</span> <span class='ocrx_word' id='word_1_264' title='bbox 1127 2019 1203 2046; x_wconf 91' lang='lat' dir='ltr'>non</span> <span class='ocrx_word' id='word_1_265' title='bbox 1233 2007 1364 2045; x_wconf 89' lang='lat' dir='ltr'>minus</span> <span class='ocrx_word' id='word_1_266' title='bbox 1394 2008 1554 2057; x_wconf 86' lang='lat' dir='ltr'>apparet</span> <span class='ocrx_word' id='word_1_267' title='bbox 1585 2004 1651 2057; x_wconf 83' lang='lat' dir='ltr'>(cf.</span> <span class='ocrx_word' id='word_1_268' title='bbox 1671 2004 1828 2046; x_wconf 75' lang='lat' dir='ltr'>Thesm.</span> <span class='ocrx_word' id='word_1_269' title='bbox 1851 2003 1947 2073; x_wconf 86' lang='grc'>161,</span> 
     </span>
     <span class='ocr_line' id='line_1_31' title="bbox 332 2052 1949 2117; baseline -0.002 -13"><span class='ocrx_word' id='word_1_270' title='bbox 332 2077 392 2106; x_wconf 88' lang='lat' dir='ltr'>av.</span> <span class='ocrx_word' id='word_1_271' title='bbox 427 2063 535 2104; x_wconf 77' lang='lat'>1372</span> <span class='ocrx_word' id='word_1_272' title='bbox 567 2066 604 2104; x_wconf 86' lang='lat' dir='ltr'>et</span> <span class='ocrx_word' id='word_1_273' title='bbox 633 2063 773 2103; x_wconf 88' lang='lat' dir='ltr'>Athen.</span> <span class='ocrx_word' id='word_1_274' title='bbox 804 2064 875 2103; x_wconf 91' lang='lat' dir='ltr'>XV</span> <span class='ocrx_word' id='word_1_275' title='bbox 906 2063 1045 2103; x_wconf 81' lang='lat' dir='ltr'>694a:</span> <span class='ocrx_word' id='word_1_276' title='bbox 1088 2059 1133 2102; x_wconf 75' lang='grc' dir='ltr'>ἕν</span> <span class='ocrx_word' id='word_1_277' title='bbox 1165 2060 1456 2104; x_wconf 80' lang='grc' dir='ltr'><strong>Δαιταλεῦσιν</strong></span> <span class='ocrx_word' id='word_1_278' title='bbox 1486 2059 1621 2114; x_wconf 81' lang='grc' dir='ltr'><strong>λέγων</strong></span> <span class='ocrx_word' id='word_1_279' title='bbox 1650 2055 1811 2110; x_wconf 88' lang='grc' dir='ltr'><strong>ου’τως·</strong></span> <span class='ocrx_word' id='word_1_280' title='bbox 1840 2052 1949 2117; x_wconf 79' lang='grc' dir='ltr'><strong>ᾆσον</strong></span> 
     </span>
     <span class='ocr_line' id='line_1_32' title="bbox 334 2114 1947 2188; baseline -0.002 -26"><span class='ocrx_word' id='word_1_281' title='bbox 334 2117 387 2177; x_wconf 78' lang='grc' dir='ltr'>δή</span> <span class='ocrx_word' id='word_1_282' title='bbox 415 2135 492 2175; x_wconf 92' lang='grc' dir='ltr'>μοι</span> <span class='ocrx_word' id='word_1_283' title='bbox 523 2116 698 2162; x_wconf 87' lang='grc' dir='ltr'><strong>σκόλιόν</strong></span> <span class='ocrx_word' id='word_1_284' title='bbox 727 2135 770 2161; x_wconf 88' lang='grc' dir='ltr'>τι</span> <span class='ocrx_word' id='word_1_285' title='bbox 801 2117 946 2173; x_wconf 76' lang='grc' dir='ltr'><strong>λαβών</strong></span> <span class='ocrx_word' id='word_1_286' title='bbox 974 2114 1181 2162; x_wconf 81' lang='grc' dir='ltr'><strong>Ἀλκαίου</strong></span> <span class='ocrx_word' id='word_1_287' title='bbox 1222 2114 1564 2188; x_wconf 80' lang='grc' dir='ltr'><strong>κάνακρέοντος).</strong></span> <span class='ocrx_word' id='word_1_288' title='bbox 1627 2118 1868 2159; x_wconf 73' lang='lat' dir='ltr'>Scholiastes</span> <span class='ocrx_word' id='word_1_289' title='bbox 1897 2119 1947 2158; x_wconf 87' lang='lat' dir='ltr'>ad</span> 
     </span>
     <span class='ocr_line' id='line_1_33' title="bbox 332 2169 1948 2248; baseline -0.002 -29"><span class='ocrx_word' id='word_1_290' title='bbox 332 2179 401 2219; x_wconf 92' lang='lat' dir='ltr'>illa</span> <span class='ocrx_word' id='word_1_291' title='bbox 441 2179 724 2246; x_wconf 88' lang='lat' dir='ltr'>Aristophanis</span> <span class='ocrx_word' id='word_1_292' title='bbox 755 2180 874 2218; x_wconf 88' lang='lat' dir='ltr'>verba</span> <span class='ocrx_word' id='word_1_293' title='bbox 914 2178 1010 2218; x_wconf 88' lang='lat' dir='ltr'>haec</span> <span class='ocrx_word' id='word_1_294' title='bbox 1051 2179 1227 2218; x_wconf 87' lang='lat' dir='ltr'>adnotat:</span> <span class='ocrx_word' id='word_1_295' title='bbox 1271 2171 1363 2218; x_wconf 73' lang='grc' dir='ltr'><strong>οὐδ’</strong></span> <span class='ocrx_word' id='word_1_296' title='bbox 1406 2172 1429 2218; x_wconf 84' lang='grc' dir='ltr'>ὁ</span> <span class='ocrx_word' id='word_1_297' title='bbox 1474 2171 1793 2248; x_wconf 57' lang='grc' dir='ltr'><strong>περιπόνῃρος·</strong></span> <span class='ocrx_word' id='word_1_298' title='bbox 1843 2169 1948 2216; x_wconf 86' lang='grc' dir='ltr'><strong>ὡσεὶ</strong></span> 
     </span>
     <span class='ocr_line' id='line_1_34' title="bbox 332 2228 1945 2304; baseline -0.003 -27"><span class='ocrx_word' id='word_1_299' title='bbox 332 2231 474 2303; x_wconf 73' lang='grc' dir='ltr'><strong>ἔλεγεν</strong></span> <span class='ocrx_word' id='word_1_300' title='bbox 504 2250 527 2275; x_wconf 92' lang='grc' dir='ltr'>ο</span> <span class='ocrx_word' id='word_1_301' title='bbox 558 2230 856 2304; x_wconf 80' lang='grc' dir='ltr'><strong>περιφόρητος</strong></span> <span class='ocrx_word' id='word_1_302' title='bbox 877 2228 1115 2303; x_wconf 81' lang='grc' dir='ltr'><strong>Ἀρτέιιων,</strong></span> <span class='ocrx_word' id='word_1_303' title='bbox 1148 2249 1241 2276; x_wconf 84' lang='grc' dir='ltr'>απο</span> <span class='ocrx_word' id='word_1_304' title='bbox 1271 2248 1346 2290; x_wconf 77' lang='grc' dir='ltr'>τις</span> <span class='ocrx_word' id='word_1_305' title='bbox 1376 2246 1631 2287; x_wconf 82' lang='grc' dir='ltr'><strong>παροιμιας,</strong></span> <span class='ocrx_word' id='word_1_306' title='bbox 1663 2246 1718 2301; x_wconf 75' lang='grc' dir='ltr'><strong>τις</strong></span> <span class='ocrx_word' id='word_1_307' title='bbox 1733 2229 1945 2300; x_wconf 67' lang='grc' dir='ltr'><strong>μέμνηται</strong></span> 
     </span>
     <span class='ocr_line' id='line_1_35' title="bbox 333 2267 1949 2362; baseline -0.002 -28.995"><span class='ocrx_word' id='word_1_308' title='bbox 333 2290 406 2334; x_wconf 84' lang='grc' dir='ltr'><strong>καὶ</strong></span> <span class='ocrx_word' id='word_1_309' title='bbox 423 2287 682 2361; x_wconf 78' lang='grc' dir='ltr'><strong>Ἀνακρέων,</strong></span> <span class='ocrx_word' id='word_1_310' title='bbox 687 2288 934 2362; x_wconf 72' lang='grc' dir='ltr'><strong>ταχθείσης</strong></span> <span class='ocrx_word' id='word_1_311' title='bbox 956 2288 1033 2333; x_wconf 78' lang='grc' dir='ltr'>ἐπὶ</span> <span class='ocrx_word' id='word_1_312' title='bbox 1054 2290 1188 2332; x_wconf 84' lang='grc' dir='ltr'><strong>καλοῦ</strong></span> <span class='ocrx_word' id='word_1_313' title='bbox 1210 2289 1283 2332; x_wconf 81' lang='grc' dir='ltr'><strong>καὶ</strong></span> <span class='ocrx_word' id='word_1_314' title='bbox 1305 2267 1614 2358; x_wconf 83' lang='grc' dir='ltr'><strong>ἁρπαζομένου</strong></span> <span class='ocrx_word' id='word_1_315' title='bbox 1632 2304 1745 2344; x_wconf 86' lang='grc' dir='ltr'><strong>προς</strong></span> <span class='ocrx_word' id='word_1_316' title='bbox 1769 2284 1949 2331; x_wconf 68' lang='grc' dir='ltr'><strong>πάντων</strong></span> 
     </span>
     <span class='ocr_line' id='line_1_36' title="bbox 335 2341 1946 2417; baseline -0.002 -26"><span class='ocrx_word' id='word_1_317' title='bbox 335 2347 508 2400; x_wconf 76' lang='grc' dir='ltr'><strong>παιδός.</strong></span> <span class='ocrx_word' id='word_1_318' title='bbox 540 2344 650 2404; x_wconf 71' lang='grc' dir='ltr'><strong>παρ’</strong></span> <span class='ocrx_word' id='word_1_319' title='bbox 681 2345 893 2391; x_wconf 86' lang='grc' dir='ltr'><strong>υπόνοιαν</strong></span> <span class='ocrx_word' id='word_1_320' title='bbox 924 2347 971 2390; x_wconf 79' lang='grc' dir='ltr'>δὲ</span> <span class='ocrx_word' id='word_1_321' title='bbox 1001 2345 1084 2404; x_wconf 76' lang='grc' dir='ltr'>ἔφη</span> <span class='ocrx_word' id='word_1_322' title='bbox 1113 2364 1163 2390; x_wconf 88' lang='grc' dir='ltr'>το</span> <span class='ocrx_word' id='word_1_323' title='bbox 1188 2343 1426 2417; x_wconf 79' lang='grc' dir='ltr'><strong>Λρτέμων.</strong></span> <span class='ocrx_word' id='word_1_324' title='bbox 1458 2342 1505 2389; x_wconf 73' lang='grc' dir='ltr'>οἰ</span> <span class='ocrx_word' id='word_1_325' title='bbox 1537 2345 1618 2402; x_wconf 76' lang='grc' dir='ltr'><strong>γὰρ</strong></span> <span class='ocrx_word' id='word_1_326' title='bbox 1650 2348 1803 2389; x_wconf 75' lang='grc' dir='ltr'><strong>τοῦτον</strong></span> <span class='ocrx_word' id='word_1_327' title='bbox 1831 2341 1946 2388; x_wconf 76' lang='grc' dir='ltr'><strong>αλλὰ</strong></span> 
     </span>
     <span class='ocr_line' id='line_1_37' title="bbox 335 2398 1948 2478; baseline -0.003 -29"><span class='ocrx_word' id='word_1_328' title='bbox 335 2405 410 2449; x_wconf 85' lang='grc' dir='ltr'><strong>τὸν</strong></span> <span class='ocrx_word' id='word_1_329' title='bbox 442 2409 664 2477; x_wconf 82' lang='grc' dir='ltr'><strong>Κρατῖνον</strong></span> <span class='ocrx_word' id='word_1_330' title='bbox 680 2404 894 2474; x_wconf 82' lang='grc' dir='ltr'><strong>βούλεται</strong></span> <span class='ocrx_word' id='word_1_331' title='bbox 927 2405 1131 2478; x_wconf 80' lang='grc' dir='ltr'><strong>δηλῶσαι.</strong></span> <span class='ocrx_word' id='word_1_332' title='bbox 1164 2402 1432 2459; x_wconf 89' lang='grc' dir='ltr'><strong>συνεχρόνισε</strong></span> <span class='ocrx_word' id='word_1_333' title='bbox 1453 2402 1501 2446; x_wconf 80' lang='grc' dir='ltr'>δὲ</span> <span class='ocrx_word' id='word_1_334' title='bbox 1522 2406 1584 2462; x_wconf 80' lang='grc' dir='ltr'><strong>τῷ</strong></span> <span class='ocrx_word' id='word_1_335' title='bbox 1614 2401 1783 2472; x_wconf 81' lang='grc' dir='ltr'><strong>δικαίῳ</strong></span> <span class='ocrx_word' id='word_1_336' title='bbox 1796 2398 1948 2473; x_wconf 73' lang='grc' dir='ltr'><strong>Ἀρισ-</strong></span> 
     </span>
     <span class='ocr_line' id='line_1_38' title="bbox 333 2444 1948 2535; baseline -0.003 -29"><span class='ocrx_word' id='word_1_337' title='bbox 333 2462 454 2534; x_wconf 72' lang='grc' dir='ltr'><strong>τείὸιι]</strong></span> <span class='ocrx_word' id='word_1_338' title='bbox 484 2466 609 2515; x_wconf 75' lang='grc' dir='ltr'><strong>οὗτος</strong></span> <span class='ocrx_word' id='word_1_339' title='bbox 631 2480 654 2506; x_wconf 91' lang='grc' dir='ltr'>ο</span> <span class='ocrx_word' id='word_1_340' title='bbox 659 2459 918 2535; x_wconf 82' lang='grc' dir='ltr'><strong>Ἀρτέμων,</strong></span> <span class='ocrx_word' id='word_1_341' title='bbox 947 2459 996 2513; x_wconf 89' lang='grc' dir='ltr'>ος</span> <span class='ocrx_word' id='word_1_342' title='bbox 1018 2478 1065 2520; x_wconf 74' lang='grc' dir='ltr'>ιν</span> <span class='ocrx_word' id='word_1_343' title='bbox 1087 2458 1264 2532; x_wconf 75' lang='grc' dir='ltr'><strong>ι’ἱριστος</strong></span> <span class='ocrx_word' id='word_1_344' title='bbox 1284 2459 1537 2531; x_wconf 74' lang='grc' dir='ltr'><strong>μηχανητής.</strong></span> <span class='ocrx_word' id='word_1_345' title='bbox 1559 2444 1644 2504; x_wconf 80' lang='grc' dir='ltr'>διὰ</span> <span class='ocrx_word' id='word_1_346' title='bbox 1666 2460 1715 2504; x_wconf 79' lang='grc' dir='ltr'>δὲ</span> <span class='ocrx_word' id='word_1_347' title='bbox 1735 2459 1784 2504; x_wconf 82' lang='grc' dir='ltr'><strong>τὸ</strong></span> <span class='ocrx_word' id='word_1_348' title='bbox 1806 2458 1948 2532; x_wconf 81' lang='grc' dir='ltr'><strong>χωλὸν</strong></span> 
     </span>
     <span class='ocr_line' id='line_1_39' title="bbox 334 2500 1947 2591; baseline -0.003 -27"><span class='ocrx_word' id='word_1_349' title='bbox 334 2509 463 2564; x_wconf 80' lang='grc' dir='ltr'><strong>αὗτον</strong></span> <span class='ocrx_word' id='word_1_350' title='bbox 491 2516 615 2574; x_wconf 84' lang='grc' dir='ltr'><strong>εἶναι,</strong></span> <span class='ocrx_word' id='word_1_351' title='bbox 656 2517 771 2564; x_wconf 85' lang='grc' dir='ltr'><strong>όπου</strong></span> <span class='ocrx_word' id='word_1_352' title='bbox 810 2537 864 2563; x_wconf 92' lang='grc' dir='ltr'>αν</span> <span class='ocrx_word' id='word_1_353' title='bbox 903 2500 1150 2591; x_wconf 56' lang='grc' dir='ltr'><strong>κατειλίφει</strong></span> <span class='ocrx_word' id='word_1_354' title='bbox 1195 2518 1387 2574; x_wconf 82' lang='grc' dir='ltr'><strong>πόλεμος</strong></span> <span class='ocrx_word' id='word_1_355' title='bbox 1416 2518 1490 2561; x_wconf 85' lang='grc' dir='ltr'><strong>καὶ</strong></span> <span class='ocrx_word' id='word_1_356' title='bbox 1530 2516 1653 2588; x_wconf 84' lang='grc' dir='ltr'><strong>χρεία</strong></span> <span class='ocrx_word' id='word_1_357' title='bbox 1682 2533 1922 2589; x_wconf 57' lang='grc' dir='ltr'><strong>ιιηχαννς(</strong></span> <span class='ocrx_word' id='word_1_358' title='bbox 1896 2533 1947 2559; x_wconf 78' lang='grc' dir='ltr'><strong>τν</strong></span> 
     </span>
     <span class='ocr_line' id='line_1_40' title="bbox 335 2574 1944 2650; baseline -0.003 -28"><span class='ocrx_word' id='word_1_359' title='bbox 335 2577 413 2622; x_wconf 74' lang='grc' dir='ltr'>ἐπὶ</span> <span class='ocrx_word' id='word_1_360' title='bbox 441 2595 493 2621; x_wconf 87' lang='grc' dir='ltr'>το</span> <span class='ocrx_word' id='word_1_361' title='bbox 521 2580 664 2648; x_wconf 87' lang='grc' dir='ltr'><strong>τεῖχος</strong></span> <span class='ocrx_word' id='word_1_362' title='bbox 693 2578 1030 2649; x_wconf 70' lang='grc' dir='ltr'><strong>καταβληθῆναι,</strong></span> <span class='ocrx_word' id='word_1_363' title='bbox 1062 2575 1086 2650; x_wconf 60' lang='grc' dir='ltr'>ζ)</span> <span class='ocrx_word' id='word_1_364' title='bbox 1114 2576 1163 2620; x_wconf 87' lang='grc' dir='ltr'>τὸ</span> <span class='ocrx_word' id='word_1_365' title='bbox 1205 2577 1412 2628; x_wconf 71' lang='grc' dir='ltr'><strong>τοιοῦτον,</strong></span> <span class='ocrx_word' id='word_1_366' title='bbox 1450 2574 1784 2645; x_wconf 81' lang='grc' dir='ltr'><strong>μετεπέμποντο</strong></span> <span class='ocrx_word' id='word_1_367' title='bbox 1813 2590 1944 2618; x_wconf 65' lang='lat' dir='ltr'>amtor</span> 
     </span>
     <span class='ocr_line' id='line_1_41' title="bbox 335 2629 1950 2707; baseline -0.002 -28"><span class='ocrx_word' id='word_1_368' title='bbox 335 2634 583 2707; x_wconf 88' lang='grc' dir='ltr'><strong>φερόμενον.</strong></span> <span class='ocrx_word' id='word_1_369' title='bbox 628 2632 721 2679; x_wconf 80' lang='grc' dir='ltr'>ἀπὸ</span> <span class='ocrx_word' id='word_1_370' title='bbox 764 2633 918 2679; x_wconf 86' lang='grc' dir='ltr'><strong>τούτου</strong></span> <span class='ocrx_word' id='word_1_371' title='bbox 956 2629 1029 2678; x_wconf 78' lang='grc' dir='ltr'>οὖν</span> <span class='ocrx_word' id='word_1_372' title='bbox 1058 2652 1083 2693; x_wconf 90' lang='grc' dir='ltr'>η</span> <span class='ocrx_word' id='word_1_373' title='bbox 1124 2631 1351 2691; x_wconf 90' lang='grc' dir='ltr'><strong>παροιμία.</strong></span> <span class='ocrx_word' id='word_1_374' title='bbox 1409 2633 1481 2676; x_wconf 88' lang='grc' dir='ltr'><strong>καὶ</strong></span> <span class='ocrx_word' id='word_1_375' title='bbox 1521 2631 1686 2684; x_wconf 82' lang='grc' dir='ltr'><strong>πάντες</strong></span> <span class='ocrx_word' id='word_1_376' title='bbox 1729 2648 1771 2676; x_wconf 94' lang='grc' dir='ltr'>οι</span> <span class='ocrx_word' id='word_1_377' title='bbox 1817 2629 1950 2689; x_wconf 89' lang='grc' dir='ltr'><strong>σοφοὶ</strong></span> 
     </span>
     <span class='ocr_line' id='line_1_42' title="bbox 334 2691 1950 2752; baseline -0.003 -15"><span class='ocrx_word' id='word_1_378' title='bbox 334 2691 620 2752; x_wconf 85' lang='grc' dir='ltr'><strong>περιφόρητοι</strong></span> <span class='ocrx_word' id='word_1_379' title='bbox 647 2694 891 2736; x_wconf 81' lang='grc' dir='ltr'><strong>καλοῦνται.</strong></span> <span class='ocrx_word' id='word_1_380' title='bbox 952 2695 1062 2735; x_wconf 87' lang='lat' dir='ltr'>Duae</span> <span class='ocrx_word' id='word_1_381' title='bbox 1092 2695 1307 2735; x_wconf 87' lang='lat' dir='ltr'>sententiae</span> <span class='ocrx_word' id='word_1_382' title='bbox 1337 2694 1431 2746; x_wconf 86' lang='lat' dir='ltr'>quin</span> <span class='ocrx_word' id='word_1_383' title='bbox 1471 2694 1527 2733; x_wconf 90' lang='lat' dir='ltr'>ibi</span> <span class='ocrx_word' id='word_1_384' title='bbox 1558 2694 1840 2734; x_wconf 79' lang='lat' dir='ltr'>contaminatae</span> <span class='ocrx_word' id='word_1_385' title='bbox 1870 2692 1950 2732; x_wconf 77' lang='lat' dir='ltr'>sint</span> 
     </span>
     <span class='ocr_line' id='line_1_43' title="bbox 339 2751 1948 2805; baseline -0.003 -11"><span class='ocrx_word' id='word_1_386' title='bbox 339 2755 500 2794; x_wconf 90' lang='lat' dir='ltr'>dubium</span> <span class='ocrx_word' id='word_1_387' title='bbox 549 2766 634 2794; x_wconf 89' lang='lat' dir='ltr'>esse</span> <span class='ocrx_word' id='word_1_388' title='bbox 683 2766 759 2793; x_wconf 88' lang='lat' dir='ltr'>non</span> <span class='ocrx_word' id='word_1_389' title='bbox 808 2754 942 2805; x_wconf 89' lang='lat' dir='ltr'>potest</span> <span class='ocrx_word' id='word_1_390' title='bbox 1011 2754 1068 2792; x_wconf 89' lang='lat' dir='ltr'>Ac</span> <span class='ocrx_word' id='word_1_391' title='bbox 1116 2753 1286 2804; x_wconf 89' lang='lat' dir='ltr'>primum</span> <span class='ocrx_word' id='word_1_392' title='bbox 1336 2752 1494 2803; x_wconf 88' lang='lat' dir='ltr'>quidem</span> <span class='ocrx_word' id='word_1_393' title='bbox 1544 2751 1650 2791; x_wconf 90' lang='lat' dir='ltr'>hunc</span> <span class='ocrx_word' id='word_1_394' title='bbox 1700 2751 1948 2790; x_wconf 82' lang='lat' dir='ltr'>Artemonem</span> 
     </span>
     <span class='ocr_line' id='line_1_44' title="bbox 335 2806 1948 2852; baseline -0.002 -2"><span class='ocrx_word' id='word_1_395' title='bbox 335 2810 640 2852; x_wconf 90' lang='lat' dir='ltr'>machinatorem</span> <span class='ocrx_word' id='word_1_396' title='bbox 686 2813 723 2851; x_wconf 89' lang='lat' dir='ltr'>et</span> <span class='ocrx_word' id='word_1_397' title='bbox 772 2810 953 2851; x_wconf 87' lang='lat' dir='ltr'>claudum</span> <span class='ocrx_word' id='word_1_398' title='bbox 1005 2811 1128 2850; x_wconf 82' lang='lat' dir='ltr'>fuisse</span> <span class='ocrx_word' id='word_1_399' title='bbox 1179 2808 1409 2850; x_wconf 83' lang='lat' dir='ltr'>scholiastes</span> <span class='ocrx_word' id='word_1_400' title='bbox 1464 2809 1557 2848; x_wconf 81' lang='lat' dir='ltr'>dicit</span> <span class='ocrx_word' id='word_1_401' title='bbox 1599 2807 1771 2847; x_wconf 90' lang='lat' dir='ltr'>similem</span> <span class='ocrx_word' id='word_1_402' title='bbox 1812 2806 1860 2847; x_wconf 88' lang='lat' dir='ltr'>de</span> <span class='ocrx_word' id='word_1_403' title='bbox 1904 2817 1948 2846; x_wconf 90' lang='lat' dir='ltr'>eo</span> 
     </span>
     <span class='ocr_line' id='line_1_45' title="bbox 335 2863 1949 2921; baseline -0.002 -13"><span class='ocrx_word' id='word_1_404' title='bbox 335 2869 561 2908; x_wconf 88' lang='lat' dir='ltr'>memoriam</span> <span class='ocrx_word' id='word_1_405' title='bbox 603 2870 717 2921; x_wconf 87' lang='lat' dir='ltr'>atque</span> <span class='ocrx_word' id='word_1_406' title='bbox 759 2866 939 2920; x_wconf 84' lang='lat' dir='ltr'>Ephorus</span> <span class='ocrx_word' id='word_1_407' title='bbox 980 2870 1146 2915; x_wconf 88' lang='lat' dir='ltr'>secutus,</span> <span class='ocrx_word' id='word_1_408' title='bbox 1188 2868 1226 2907; x_wconf 85' lang='lat' dir='ltr'>et</span> <span class='ocrx_word' id='word_1_409' title='bbox 1254 2867 1440 2906; x_wconf 85' lang='lat' dir='ltr'>Aristidis</span> <span class='ocrx_word' id='word_1_410' title='bbox 1483 2867 1656 2917; x_wconf 86' lang='lat' dir='ltr'>tempore</span> <span class='ocrx_word' id='word_1_411' title='bbox 1686 2876 1775 2906; x_wconf 89' lang='lat' dir='ltr'>eum</span> <span class='ocrx_word' id='word_1_412' title='bbox 1803 2863 1949 2904; x_wconf 79' lang='lat' dir='ltr'>vixisse</span> 
     </span>
    </p>
   </div>
   <div class='ocr_carea' id='block_1_3' title="bbox 336 2949 595 2952">
    <p class='ocr_par' dir='ltr' id='par_1_4' title="bbox 336 2949 595 2952">
     <span class='ocr_line' id='line_1_46' title="bbox 336 2949 595 2952; baseline 0 0"><span class='ocrx_word' id='word_1_413' title='bbox 336 2949 595 2952; x_wconf 95' lang='lat' dir='ltr'> </span> 
     </span>
    </p>
   </div>
   <div class='ocr_carea' id='block_1_4' title="bbox 424 2989 1899 3032">
    <p class='ocr_par' dir='ltr' id='par_1_5' title="bbox 424 2989 1899 3032">
     <span class='ocr_line' id='line_1_47' title="bbox 424 2989 1899 3032; baseline -0.002 -10"><span class='ocrx_word' id='word_1_414' title='bbox 424 2993 481 3031; x_wconf 81' lang='lat'>52)</span> <span class='ocrx_word' id='word_1_415' title='bbox 507 2992 756 3023; x_wconf 84' lang='lat' dir='ltr'>Clazomenium</span> <span class='ocrx_word' id='word_1_416' title='bbox 781 2994 876 3024; x_wconf 88' lang='lat' dir='ltr'>illum</span> <span class='ocrx_word' id='word_1_417' title='bbox 902 2993 1002 3024; x_wconf 80' lang='lat' dir='ltr'>fuisse</span> <span class='ocrx_word' id='word_1_418' title='bbox 1027 2997 1140 3023; x_wconf 78' lang='lat' dir='ltr'>narrat</span> <span class='ocrx_word' id='word_1_419' title='bbox 1165 2991 1263 3023; x_wconf 85' lang='lat' dir='ltr'>Diod.</span> <span class='ocrx_word' id='word_1_420' title='bbox 1290 2991 1354 3022; x_wconf 86' lang='lat' dir='ltr'>XII</span> <span class='ocrx_word' id='word_1_421' title='bbox 1381 2992 1435 3032; x_wconf 83' lang='lat'>28,</span> <span class='ocrx_word' id='word_1_422' title='bbox 1461 2991 1516 3030; x_wconf 90' lang='lat' dir='ltr'>qui</span> <span class='ocrx_word' id='word_1_423' title='bbox 1541 2990 1582 3021; x_wconf 84' lang='lat' dir='ltr'>ab</span> <span class='ocrx_word' id='word_1_424' title='bbox 1607 2989 1741 3029; x_wconf 83' lang='lat' dir='ltr'>Ephoro</span> <span class='ocrx_word' id='word_1_425' title='bbox 1768 2989 1899 3029; x_wconf 80' lang='lat' dir='ltr'>pendet.</span> 
     </span>
    </p>
   </div>
  </div>
 </body>
</html>
