2144 3412
918 187 1177 228 ..7.-

242 322 294 362 ab
324 321 396 362 iila
422 321 540 373 plane
578 321 730 360 diversa
770 320 839 360 est.
897 318 1030 370 Bergk
1071 318 1194 369 igitur
1231 319 1326 370 quin
1366 317 1551 356 erraverit
1589 316 1750 355 dubium
1781 325 1857 356 non

245 399 316 436 est.
354 389 380 450 ἦ
419 394 491 435 νῦν
530 389 716 442 ἔκδυσις,
759 405 878 446 qnam
916 391 1157 444 Hephaestio
1196 392 1252 432 ibi
1292 394 1587 436 commemorat,
1628 401 1673 429 ea
1706 391 1856 429 tantum

246 481 334 511 esse
362 470 487 521 potest
515 469 699 514 recensio,
729 479 829 520 quae
859 467 946 508 eius
974 469 1147 518 tempore
1175 467 1218 506 in
1247 477 1321 505 usu
1353 467 1443 504 erat.
1502 464 1607 504 Inter
1635 462 1708 503 has
1737 463 1858 514 igitur

247 544 346 584 duas
375 543 563 584 editiones
593 543 803 583 discrimen
842 541 1036 594 quoddam
1068 542 1169 580 certe
1199 539 1293 579 fuit:
1333 538 1450 591 quale
1490 540 1618 578 autem
1649 537 1766 577 fuerit
1794 547 1858 577 ac-

246 618 420 658 curatius
451 617 529 656 dici
558 627 634 656 non
653 618 791 668 potest.
837 614 911 656 Sed
944 614 1050 661 haec,
1081 615 1144 654 cui
1165 608 1191 668 ᾗ
1212 611 1285 654 νῦν
1304 608 1479 661 ἔκδυσις
1498 612 1548 651 ab
1570 611 1858 662 Hephaestione

246 692 464 742 opponitur,
494 691 667 731 recensio
699 701 889 742 quaenam
920 689 1007 729 est‘?

364 766 502 805 Anacr.
532 765 577 804 fr.
610 765 675 805 51.
707 765 731 803 2
762 765 870 804 varia
900 765 958 804 est
987 764 1161 804 codicum
1194 763 1402 803 memoria:
1442 758 1487 802 ἐν
1516 754 1596 816 ὕλῃ
1625 755 1859 814 κεροέσσης

255 839 402 880 habent
428 839 567 879 Athen.
599 838 652 879 IX
683 838 805 879 396d
848 840 885 878 et
922 837 1004 878 Ael.
1035 837 1074 879 h.
1103 849 1137 877 a.
1167 837 1246 878 VII
1276 836 1341 884 39,
1385 831 1430 876 ἐν
1465 828 1588 883 ὕλαις
1628 829 1860 888 κεροέσσης

249 915 382 954 autem
413 913 533 954 schol.
563 912 674 953 Pind.
705 912 747 954 Ο.
778 913 839 953 111
871 912 937 958 52,
967 913 1034 964 qui
1063 913 1264 963 praeterea
1294 910 1529 950 Zenodotum
1559 910 1614 949 ibi
1646 909 1859 949 mutavisse

250 988 363 1028 dicit:
394 982 636 1040 Ζηνόδοτος
656 983 705 1028 δὲ
727 980 1014 1039 μετεποίησεν
1043 980 1260 1039 ἐροέσσης,
1293 981 1367 1024 διὰ
1398 980 1448 1022 τὸ
1469 978 1750 1035 ἱστορεῖσθαι
1780 978 1860 1030 τὰς

250 1056 432 1116 θηλείας
461 1058 621 1115 κέρατα
641 1057 701 1116 μὴ
727 1054 851 1110 ἔχειν,
881 1051 995 1099 ἀλλὰ
1025 1054 1124 1107 τούς
1153 1050 1347 1111 ἆρρένας.
1380 1052 1419 1097 οὶ
1443 1054 1592 1107 μέντοι
1613 1069 1658 1108 γε
1679 1050 1861 1109 ποιηταὶ

250 1130 412 1184 πάντες
441 1132 602 1188 κέρατα
641 1129 821 1185 ἐχούσας
862 1134 1078 1174 ποιοῦσιν.
1140 1133 1252 1173 Hanc
1290 1132 1495 1172 lectionem
1525 1131 1781 1171 Zenodoteam
1816 1133 1861 1171 ut

250 1211 445 1262 genuinae
483 1209 661 1250 lectionis
703 1209 1016 1260 depravationem
1054 1208 1203 1260 respuit
1242 1206 1522 1258 Aristophanes
1551 1205 1761 1256 Byzantius
1790 1204 1858 1255 (cf.

246 1284 335 1326 Ael.
377 1283 402 1324 1.
445 1284 506 1334 c.)‚
544 1283 613 1324 ubi
653 1282 866 1335 pleniorem
913 1293 1064 1334 quoque
1105 1282 1351 1333 grammatici
1395 1281 1625 1321 sententiam
1667 1280 1860 1320 redditam

251 1359 439 1400 invenies.
509 1357 698 1398 Aelianus
739 1357 840 1397 enim
855 1388 864 1404 ,
908 1358 1114 1408 postqum
1157 1357 1259 1397 inter
1296 1355 1461 1395 aliorum
1500 1356 1701 1406 poetarum
1744 1354 1861 1394 etiam

250 1433 505 1473 Anacreontis
534 1432 654 1472 verba
691 1424 833 1478 attulit,
873 1431 914 1470 in
954 1431 1098 1482 quibus
1139 1430 1320 1470 omnibus
1359 1441 1498 1470 cervae
1539 1439 1683 1469 cornua
1714 1427 1860 1468 habere

248 1507 444 1553 dicuntur,
483 1507 541 1546 sic
581 1505 793 1546 concludit:
834 1501 948 1557 πρὸς
988 1501 1037 1544 δὲ
1076 1500 1176 1553 τοί-ς
1217 1500 1463 1557 μοιχῶντας
1499 1499 1550 1544 τὸ
1590 1498 1746 1552 λεχθὲν
1787 1498 1861 1542 καὶ

244 1576 395 1634 μέντοι
425 1576 499 1621 καὶ
538 1575 788 1634 φάσκοντας
827 1576 919 1619 δεῖν
958 1575 1163 1632 ἐροέσσης
1202 1573 1383 1633 γράφειν
1424 1578 1698 1628 (Anacreontis
1740 1578 1862 1629 igitur

253 1656 372 1696 verba
402 1655 604 1706 intuetur),
636 1647 846 1707 ἀντιλέγει
875 1650 987 1694 κατὰ
1015 1649 1175 1707 κράτος
1199 1647 1523 1707 Ἀριστοφάνης
1554 1646 1577 1692 ὁ
1608 1646 1860 1702 Βυζάντιος,

249 1725 322 1771 καὶ
354 1724 432 1782 ἐμέ
461 1741 507 1782 γε
539 1724 654 1783 αἱρεῖ
682 1728 734 1784 τῇ
766 1721 1001 1783 ἀντιλογίᾳ.
1046 1727 1261 1768 Zenodotus
1281 1729 1412 1768 autem
1433 1739 1527 1768 num
1548 1728 1633 1778 ipse
1654 1726 1861 1767 lectionem

251 1805 460 1844 mutaverit
480 1802 577 1843 mihi
599 1802 711 1843 valde
732 1803 915 1843 dubium:
936 1814 998 1843 res
1019 1803 1148 1854 potius
1168 1802 1265 1843 haec
1285 1814 1370 1842 esse
1390 1803 1554 1850 videtur,
1584 1803 1627 1842 ut
1647 1800 1861 1842 Zenodotus

250 1879 294 1918 in
314 1879 569 1919 Anacreontis
599 1878 813 1918 carminum
836 1877 968 1917 codice
997 1888 1080 1923 suo.
1108 1888 1223 1929 quem
1245 1875 1526 1928 Aristophanes
1546 1876 1663 1916 etiam
1682 1874 1862 1927 inspexit,

245 1952 384 1993 {aleam
416 1951 621 1992 lectionem
662 1948 934 1993 ΥΛΗΙΟΕΡ
956 1982 964 1991 .
986 1981 995 1990 .
1015 1982 1024 1991 .
1053 1963 1121 2003 pro
1152 1950 1436 1993 ΥΛΗΙΚΕΡ
1458 1982 1466 1990 .
1489 1981 1497 1990 .
1519 1981 1527 1989 .
1548 1950 1749 1990 invenerit.
1779 1948 1862 1990 Hoc

247 2029 352 2068 certe
382 2029 530 2067 constat
559 2021 680 2074 {ficus
710 2025 792 2075 (vel
814 2027 959 2066 rectius
988 2018 1144 2080 ὕλῃσ’),
1175 2026 1277 2077 quod
1307 2024 1428 2066 schol.
1452 2024 1562 2065 Pind.
1583 2025 1752 2074 retinuit,
1782 2022 1861 2063 huc

249 2113 336 2142 esse
366 2101 640 2142 reducendum.
690 2099 872 2140 Zenodoti
901 2099 979 2140 alio
1010 2111 1163 2152 quoque
1192 2099 1276 2140 loco
1307 2100 1450 2140 mentio
1481 2099 1535 2139 fit.
1585 2098 1718 2140 Zonar.
1752 2096 1860 2138 1512

246 2174 288 2225 (θ
316 2174 580 2227 Phrynicho):
621 2170 695 2214 τὸν
725 2171 772 2215 δὲ
801 2171 964 2227 μοχλὸν
995 2170 1040 2215 ἐν
1071 2171 1133 2228 τῷ
1164 2176 1190 2224 2
1218 2170 1294 2214 καὶ
1329 2167 1526 2215 ’Λττικοὶ
1566 2169 1640 2213 καὶ
1674 2171 1862 2224 Δωριεῖς

251 2247 325 2291 καὶ
342 2243 488 2298 Ἴωνες
509 2246 623 2305 πλὴν
649 2242 979 2302 Ἀνακρέοντος·
1010 2233 1137 2297 οὗτος
1157 2245 1206 2289 δὲ
1226 2243 1360 2302 μόνος
1380 2244 1534 2298 σχεδὸν
1563 2247 1624 2302 τῷ
1655 2250 1694 2298 i,
1725 2241 1861 2301 Ζηνό-

247 2322 377 2373 δοτος
415 2320 462 2364 δὲ
495 2318 688 2378 (μοχλόν)
719 2323 857 2376 [suppl.
888 2323 1036 2375 Bergk]
1069 2323 1129 2375 (fr.
1162 2322 1246 2374 88)·
1279 2315 1375 2363 (κού
1415 2318 1581 2375 μοκλὸν
1615 2317 1660 2362 ἐν
1701 2317 1861 2376 θύρῃσι

249 2395 421 2454 ὁιξῇσιν
450 2392 615 2454 (οῗῖρῃσι
647 2393 792 2453 δι’ζῃσι
824 2397 937 2438 libri:
969 2410 1040 2438 em.
1071 2397 1220 2450 Bergk)
1249 2393 1396 2449 βαλών
1426 2390 1581 2452 ἥσυχος
1620 2388 1861 2436 nasei-6⁶1².

250 2473 379 2513 Huius
408 2473 565 2525 quidem
595 2472 741 2513 formae
771 2472 869 2512 fides
890 2484 1128 2525 quamquam
1158 2484 1234 2512 non
1254 2472 1349 2512 satis
1372 2471 1597 2512 confirmata
1627 2473 1698 2516 est.
1729 2475 1861 2511 tamen

251 2546 466 2587 Zenodotea
486 2546 649 2588 lectione
670 2558 924 2599 quaecunque
944 2547 1019 2587 fuit
1038 2546 1199 2586 sortasse
1220 2558 1317 2598 opus
1338 2557 1411 2585 non
1444 2548 1525 2585 est:
1555 2556 1643 2585 nam
1667 2556 1687 2585 e
1707 2544 1861 2596 vulgari

250 2623 378 2673 potins
417 2632 592 2661 sermone
622 2623 773 2673 poetam
815 2620 916 2661 hanc
956 2620 1118 2661 sormam
1150 2621 1366 2671 sumpsisse
1409 2620 1597 2659 coniciam
1615 2618 1666 2668 ⁸).
1726 2619 1862 2671 Itaque

344 2758 379 2797 8)
404 2758 518 2796 Neque
541 2756 667 2796 reliqua
692 2757 836 2789 eiusdem
862 2758 1036 2797 fragmenti
1062 2757 1164 2789 verba
1197 2757 1271 2788 huic
1294 2757 1474 2787 sententiae
1499 2756 1651 2787 obstant:
1688 2759 1861 2787 Anacreon

252 2817 338 2848 enim
364 2815 425 2846 hoc
451 2815 525 2846 loco
550 2814 714 2846 hominem
739 2815 901 2855 quendam
918 2815 1170 2858 (Artemonem't’
1194 2815 1235 2845 cs.
1254 2814 1292 2845 fr.
1311 2815 1370 2853 21)
1392 2814 1579 2852 cavillatur,
1602 2813 1694 2845 cuius
1719 2822 1737 2844 e
1753 2813 1863 2853 domo,

254 2881 453 2913 quamquam
480 2872 566 2903 rore·
590 2872 758 2912 repagulis
781 2874 934 2904 occlusae
958 2882 1022 2904 nou
1048 2873 1125 2913 sint,
1151 2873 1243 2904 nulla
1281 2881 1334 2904 res
1358 2881 1378 2903 a
1402 2871 1531 2903 furibus
1562 2875 1660 2903 noctu
1684 2872 1863 2915 auferatur,

251 2931 329 2971 quia
353 2930 486 2961 omniuo
512 2929 557 2959 lbi
576 2929 654 2959 nihil
681 2930 735 2969 eit,
759 2930 846 2970 quod
870 2931 1043 2970 quisquam
1068 2930 1097 2960 ei
1124 2929 1224 2961 furari
1249 2930 1364 2969 possit.
1414 2928 1570 2961 Similiter
1595 2928 1745 2960 Catulino
1771 2927 1861 2959 Furii
