2144 3412
971 179 1251 223 -22-

310 314 518 354 Homerum
552 312 612 361 (of.
646 312 799 363 Kruger
828 312 854 352 l.
884 324 914 352 c.
945 313 1031 354 adn.
1063 311 1118 363 8).
1177 311 1419 365 Omninoque
1449 315 1596 355 constat
1636 313 1738 355 hanc
1777 313 1914 356 locuti·

310 399 422 428 onem
454 387 633 427 cotidiani
665 387 855 426 sermonis
886 387 1081 438 propriam
1101 386 1233 434 fuisse,
1264 398 1390 439 neque
1411 388 1663 429 Anacreontis
1684 388 1801 429 verba
1821 387 1914 430 huic

310 463 523 502 sententiae
554 461 717 502 obstant.
777 459 877 501 Aliis
924 461 1027 501 enim
1070 460 1178 508 locis,
1221 460 1327 502 velut
1356 461 1400 501 fr.
1434 461 1471 510 2,
1504 462 1554 504 10
1594 463 1635 503 in
1682 462 1826 515 hymno
1869 463 1913 505 iu

310 535 508 576 Bacchum
539 534 650 582 facto,
680 535 748 575 ubi
767 534 1014 576 sollemniora
1045 535 1209 576 dictione
1239 536 1372 583 utitur,
1401 538 1513 588 poeta
1532 548 1741 589 pronomen
1761 549 1914 590 posscs-

310 611 436 649 sivum
469 603 574 661 ἐμός
609 609 786 660 praefert.

428 683 513 724 Uno
544 694 634 724 oum
663 683 904 724 substantivo
936 683 1164 724 coniunctus
1193 683 1378 726 articulus
1409 684 1554 737 legitur
1584 685 1648 734 24,
1680 687 1705 727 2
1735 683 1808 727 διὰ
1838 683 1915 728 τὸν

314 750 456 813 Ἔρωτ’
476 755 513 809 ¹)
546 757 612 806 75,
634 756 657 798 3
689 754 765 798 τὸν
791 752 967 808 χαλινόν
1000 757 1078 799 136
1110 751 1339 814 τῶκινάκῃ.

424 833 459 872 b.
490 831 643 885 Duplex
673 831 863 873 articulus
884 832 1036 873 duobus
1067 832 1130 874 his
1158 832 1254 874 locis
1284 835 1498 874 invenitur:
1532 833 1586 875 41
1608 829 1668 888 (ὁ)
1692 830 1916 891 Μεγίστης

311 901 334 946 ὃ
364 901 592 962 φιλόφρων
623 906 692 962 21,
719 906 744 946 5
776 900 799 946 ὁ
831 902 1019 961 πονηρὸς
1049 901 1072 946 ὁ
1103 905 1177 959 (sic
1208 907 1261 960 A)
1287 900 1525 960 Ἀρτέμων.
1566 910 1694 961 Atque
1724 911 1764 951 in
1794 910 1839 952 fr.
1861 909 1914 951 41

312 982 479 1022 metrum
519 981 676 1034 quidem
717 980 924 1022 articulum
968 982 1174 1030 desiderat,
1218 982 1287 1022 sed
1316 983 1357 1022 in
1389 982 1454 1030 21,
1487 982 1511 1023 5
1554 994 1643 1023 eum
1683 983 1762 1036 legi
1804 995 1918 1037 posse

311 1055 516 1096 Musarum
546 1056 669 1096 secuti
701 1067 834 1096 omnes
865 1056 1029 1096 editores
1059 1057 1213 1109 negant,
1243 1057 1312 1097 sed
1344 1058 1406 1097 vix
1436 1059 1550 1098 recte.
1607 1056 1747 1111 Neque
1774 1057 1920 1100 refellit

311 1129 413 1170 hanc
442 1129 659 1178 lectionem,
700 1131 803 1182 quod
831 1131 1113 1171 Anacreontem
1154 1131 1328 1172 imitatus
1359 1131 1637 1184 Aristophanes
1677 1132 1772 1173 dicit
1801 1132 1918 1186 (Acb.

261 1224 265 1230 ·
313 1204 415 1256 850)
447 1199 471 1246 ὁ
503 1200 800 1260 περιπονηρὸς
825 1197 1063 1259 Ἀρτέμων,
1094 1216 1185 1245 nam
1215 1207 1317 1246 certo
1338 1205 1499 1246 consilio
1521 1208 1634 1258 poeta
1662 1218 1801 1247 nomen
1822 1207 1920 1257 eius,

312 1291 429 1332 quem
459 1278 627 1319 ludibrio
659 1280 781 1327 vexat,
811 1280 869 1319 sio
899 1278 1050 1331 profert.
1093 1280 1218 1332 Atque
1246 1281 1291 1319 nt
1322 1281 1367 1320 fr.
1401 1279 1452 1320 41
1486 1283 1598 1332 poeta
1628 1282 1676 1322 de
1705 1280 1922 1334 Polycratis

316 1365 435 1406 puero
478 1355 571 1394 dicit
605 1348 692 1394 ‘ille
731 1355 845 1394 notus
886 1352 1083 1405 Megisten,
1123 1354 1189 1406 qui
1228 1355 1308 1394 tam
1348 1353 1487 1395 hilaris
1527 1357 1595 1403 est,
1625 1356 1650 1395 i.
1680 1367 1711 1397 e.
1742 1368 1811 1408 pro
1849 1367 1922 1399 sua

312 1428 510 1468 hilaritate
551 1429 630 1468 iam
669 1439 738 1480 per
777 1429 911 1469 decem
955 1440 1109 1468 menses
1153 1430 1355 1469 coronatus
1404 1430 1493 1470 vino
1533 1430 1688 1471 deditus
1733 1424 1824 1479 est',
1863 1432 1921 1472 sic

312 1505 560 1544 Artemonem
604 1502 719 1543 illum
758 1502 955 1544 hominem
999 1507 1078 1545 tam
1123 1504 1365 1555 improbum,
1418 1506 1484 1557 qui
1539 1516 1608 1557 pro
1652 1517 1724 1546 sua
1769 1517 1919 1547 morum

312 1579 502 1630 pravitate
537 1578 777 1618 abiectorum
798 1577 1000 1618 hominum
1023 1578 1303 1619 consuetudine
1333 1580 1473 1627 utatur,
1501 1579 1596 1623 item
1614 1580 1787 1632 graviter
1814 1591 1924 1633 prae-

313 1653 427 1694 dicat.

315 1729 353 1771 2.
383 1728 635 1769 Pluralis
664 1739 937 1780 pron.person.
971 1728 1008 1769 1.
1027 1739 1128 1779 pers.
1151 1739 1258 1768 cum
1287 1727 1557 1780 singulari
1588 1730 1928 1771 commutatur

315 1803 402 1858 (sed
443 1816 519 1845 non
559 1804 601 1844 in
634 1804 764 1852 verbo,
809 1803 919 1843 ouius
950 1803 1108 1855 quidem
1144 1804 1456 1844 commutationis
1486 1803 1663 1855 exempla
1706 1804 1748 1844 in
1780 1803 1926 1856 tragico

316 1890 493 1920 sermone
524 1878 690 1930 exstant)
722 1877 785 1918 his
814 1877 932 1918 locis:
964 1878 1000 1925 2,
1034 1878 1057 1918 6
1088 1872 1320 1931 γουνοῦμαί
1349 1888 1420 1919 σε·
1460 1873 1511 1918 σύ
1541 1870 1585 1917 δ’
1617 1870 1791 1934 εὐμενὴς
1817 1870 1922 1920 ἔλθ’

314 1948 414 2009 ἡμίν
432 1952 507 2006 (sic
526 1952 654 1995 UBV:
676 1947 831 2002 ἔλθοις
850 1964 925 2005 μοι
947 1949 1064 2005 relL),
1086 1948 1391 2007 κεχαρισμένης
1411 1944 1456 1992 δ’
1477 1945 1661 2008 εὐχωλῆς
1680 1946 1926 1995 ἐπακούειν.

315 2020 421 2069 ἔλθ’
453 2022 554 2084 ἡμίν
583 2028 680 2080 quin
708 2026 921 2079 legendum
951 2027 1004 2067 sit
1032 2026 1130 2067 mihi
1160 2038 1238 2067 non
1269 2027 1454 2068 dubium:
1495 2027 1723 2079 imperativo
1754 2028 1858 2069 enim
1887 2030 1926 2069 et

315 2103 507 2153 infinitivo
551 2096 783 2142 ἐπακούειν
825 2096 1073 2154 (ἐπακούων
1117 2102 1219 2154 quod
1247 2100 1331 2142 PW
1369 2101 1497 2149 habet,
1538 2101 1630 2142 ferri
1670 2113 1747 2142 non
1788 2103 1926 2154 potest,

317 2178 410 2230 quia
452 2177 637 2217 orationis
677 2177 975 2217 concinnitatem
1017 2174 1133 2227 delet)
1165 2175 1399 2228 respondent
1428 2187 1484 2224 ea,
1525 2186 1624 2228 quae
1662 2176 1836 2228 proxime
1866 2187 1926 2218 se-

317 2253 500 2305 quuntur,
529 2247 647 2304 γένεο
669 2252 707 2291 et
726 2247 947 2301 δέχεσθαι.
971 2272 1024 2278 -
1047 2249 1112 2298 43,
1136 2250 1158 2290 1
1191 2246 1343 2291 πολιοὶ
1370 2246 1451 2303 μὲν
1480 2244 1583 2306 ἡμῖν
1612 2245 1690 2306 ἤδη
1710 2245 1926 2306 κράταφοι

315 2321 425 2381 κάρη
454 2338 501 2366 τε
530 2319 680 2366 λευκόν
701 2355 711 2366 .
735 2356 745 2365 .
769 2356 778 2365 .
803 2321 878 2365 διὰ
907 2317 1021 2367 ταῦτ’
1054 2317 1339 2375 ἃνασταλύζω
1370 2320 1499 2377 θαμὰ
1535 2319 1760 2378 Τάρταρον
1789 2322 1926 2369 δεδοι-

317 2395 418 2450 κώς.
449 2423 504 2429 -
550 2400 614 2448 62,
646 2400 671 2440 2
703 2395 807 2455 φέρε
839 2392 882 2440 ‹5'
915 2392 1214 2453 ἀνθεμόεντας
1244 2392 1344 2454 ἡμὶν
1376 2393 1628 2453 στεφάνους,
1661 2429 1670 2439 .
1704 2431 1713 2439 .
1744 2429 1754 2440 .
1785 2393 1845 2449 ὡς
1873 2395 1924 2440 dr*

319 2475 394 2529 (sio
423 2476 695 2516 scribendum:
725 2487 759 2515 v.
780 2473 899 2527 infra)
931 2470 1045 2528 πρὸς
1061 2467 1227 2529 Ἔρωτα
1258 2468 1524 2524 πυκταλίζω.
1546 2495 1599 2501 ——
1623 2472 1688 2522 63,
1713 2474 1735 2513 1
1765 2466 1842 2527 ἄγε
1874 2469 1925 2515 dr*

319 2543 411 2605 φέρ’
445 2544 559 2605 ἡμίν,
591 2541 626 2590 ὦ
658 2548 756 2600 παῖ,
785 2545 976 2604 κελέβην,
1009 2542 1122 2598 ὅκως
1153 2541 1338 2602 ἔμυστιν
1369 2543 1550 2602 προπίω
1583 2579 1759 2589 .....

431 2624 540 2665 Dua
554 2623 567 2664 l
582 2636 602 2665 e
617 2636 658 2664 m
687 2624 891 2665 recentiori
911 2624 1062 2665 ionicae
1083 2622 1246 2663 dialecto
1267 2623 1422 2664 omnino
1443 2634 1528 2663 esse
1548 2624 1722 2675 ignotam
1741 2616 1928 2676 apparere

414 2809 447 2846 1)
472 2808 526 2839 Sic
562 2808 672 2846 Bergk
710 2807 975 2851 rectepscripsi't.
1025 2807 1128 2838 Poeta
1163 2806 1250 2837 enim
1283 2805 1366 2837 hacc
1403 2806 1484 2837 dicit
1516 2807 1558 2837 ad
1582 2804 1763 2847 Olympum
1795 2787 1926 2837 smum

318 2867 496 2905 *volaturus
521 2870 553 2896 et
578 2874 650 2896 cum
675 2866 798 2897 Amore
822 2865 862 2896 de
886 2865 956 2897 eius
980 2864 1101 2896 iniuria
1124 2864 1402 2904 expostulaturus,
1426 2864 1515 2903 quod
1531 2872 1668 2904 puerum
1690 2865 1845 2902 amun,
1868 2862 1927 2902 qni

321 2932 356 2954 se
379 2922 554 2962 spreverit,
578 2922 641 2953 sibi
667 2922 844 2962 propitium
871 2932 937 2954 non
962 2922 1085 2952 fecerit.
1111 2918 1160 2950 cf.
1186 2920 1308 2952 nium-⁴
1337 2930 1385 2951 or.
1411 2920 1489 2952 XIV
1515 2922 1546 2952 4.

2117 3108 2144 3210 ἑξ
