2144 3412
956 253 1269 296 —101—

302 380 499 434 Bergkius
549 392 781 432 persuasum
838 379 967 423 habet.
1040 380 1095 421 Of.
1145 380 1268 422 schol.
1317 381 1384 422 Ar.
1423 379 1526 420 Plut.
1569 379 1699 420 1002:
1746 373 1912 445 εἴρηται

302 435 398 479 δὲζ
381 453 408 495 η
444 433 664 505 παροιμία
709 433 788 478 ἐπὶ
826 437 913 478 τῶν
952 433 1166 494 πρότερον
1208 434 1290 490 μὲν
1332 430 1710 490 εὐδαιμονούντων,
1751 435 1824 476 νῦν
1864 433 1913 477 δὲ

301 489 578 548 ἀτυχούντων.
606 494 669 536 De
697 507 740 536 re
769 495 859 535 vide
889 496 1006 536 etiam
1035 495 1081 537 E.
1101 495 1245 547 Meyer,
1277 494 1417 536 Gescb.
1449 495 1485 536 d.
1518 494 1657 535 Altert.
1679 494 1732 542 II,
1762 493 1786 547 ξ
1817 492 1912 535 389.

417 552 478 594 De
507 553 659 593 duobus
687 553 914 604 proverbiis,
944 564 1045 603 quae
1065 553 1151 593 sine
1170 554 1306 604 poetae
1326 552 1482 593 nomine
1503 553 1657 592 servata
1680 552 1912 592 Anacreonti

300 610 438 652 tribuit
466 610 639 658 crusina,
669 621 787 662 snpra
814 622 853 662 p.
884 610 919 650 1.
951 610 987 659 2,
1020 610 1042 650 1
1074 611 1153 650 iam
1184 611 1260 662 egi.

415 667 666 720 metaphorae
704 678 775 719 per
813 668 934 707 totum
977 679 1134 709 carmen
1173 667 1414 707 continuatae
1454 665 1677 718 exemplum
1705 666 1807 706 inter
1835 664 1914 705 alia

300 725 553 766 Anacreontis
597 735 761 792 quoque
794 735 951 765 carmen
993 724 1111 765 affert
1155 723 1385 764 Heraclides
1425 723 1612 764 Ponticus
1641 722 1776 790 (alleg.
1807 722 1911 764 hom.

301 783 326 823 5
356 781 549 834 Mehler):
592 778 667 822 καὶ
683 777 788 849 μην
817 775 841 822 ὁ
885 776 1017 850 Τήιος
1050 774 1299 849 Ἀνακρέων
1337 774 1582 849 ἑταιρικὸν
1597 775 1797 835 φρόνημα
1837 776 1912 820 καὶ

301 838 495 908 σοβαρᾶς
523 835 722 905 γιναικὸς
750 834 1076 906 υπιερηφανίανε
1086 831 1311 888 ὀνειδίζων
1339 834 1415 879 τὸν
1455 834 1500 878 ἐν
1530 830 1641 915 αὐτῇ
1670 836 1911 905 σκιρτῶντα

300 910 399 938 νουν
428 891 488 945 ὡς
519 895 664 937 ἵππον
692 889 986 952 ἠλληγόρησεν,
1034 890 1146 936 ου’τω
1185 892 1321 947 λέγων
1349 894 1415 947 (fr.
1445 894 1542 947 75)·
1572 879 1692 935 πωλε
1730 890 1911 949 Θρηικίη

299 952 391 995 κτλ.
442 955 541 995 Item
571 953 834 1005 metaphorice
863 953 1168 1006 intellegendum
1200 955 1268 1000 est,
1299 952 1403 1004 quod
1432 954 1544 1004 poeta
1573 963 1703 992 amore
1730 952 1911 1003 perfusus

301 1012 350 1052 de
379 1023 422 1052 se
459 1012 544 1063 ipso
573 1022 597 1050 a
626 1011 807 1051 Leucade
844 1011 886 1050 in
923 1021 1032 1051 mare
1070 1009 1266 1051 desilienti
1296 1010 1391 1049 dicit
1419 1008 1465 1049 fr
1498 1009 1560 1049 19
1621 1008 1681 1050 De
1709 1009 1756 1050 fr.
1789 1008 1842 1049 38
1873 1010 1913 1050 et

305 1068 358 1109 47
388 1080 507 1121 snpra
535 1069 613 1108 iam
644 1069 718 1120 egi.

411 1182 557 1230 Restat,
586 1183 630 1221 ιιι
659 1192 717 1232 ea,
746 1191 848 1233 quae
877 1180 926 1221 de
954 1180 1210 1220 Anacreontis
1250 1180 1360 1232 copia
1391 1180 1600 1220 verborum
1630 1181 1794 1221 dicenda
1825 1193 1910 1222 esse

302 1240 400 1281 mihi
431 1241 515 1280 visa
544 1240 644 1286 sunt,
673 1238 811 1290 paucis
840 1249 943 1278 nunc
974 1236 1222 1289 complectar.

413 1298 469 1337 Ac
498 1297 667 1348 primum
697 1295 855 1348 quidem
884 1295 989 1347 apud
1009 1306 1099 1335 eum
1118 1295 1370 1335 inveniuntur
1390 1293 1578 1334 vocabula
1598 1295 1699 1346 epici
1719 1295 1910 1335 sermonis

297 1355 461 1407 propria,
491 1364 590 1406 quae
620 1364 708 1393 cum
736 1354 872 1405 poetae
912 1364 959 1393 ex
997 1353 1124 1404 ipsius
1167 1351 1330 1392 dialecto
1359 1353 1450 1392 nota
1490 1363 1565 1392 non
1596 1353 1735 1400 essent,
1765 1352 1839 1392 hac
1868 1353 1909 1392 in

294 1423 337 1452 re
376 1411 484 1452 illiue
532 1411 760 1450 sectatorem
812 1421 901 1450 eum
946 1421 1032 1450 esse
1076 1412 1236 1451 constat.
1295 1409 1403 1450 Inter
1459 1420 1506 1449 ea
1551 1410 1760 1461 praecipue
1805 1421 1909 1450 com-

295 1468 589 1509 memorandum
618 1469 679 1508 est
707 1467 870 1507 verbnm
901 1466 1146 1520 γουνοῦμαι.
1194 1467 1296 1519 quod
1326 1478 1395 1507 cur
1423 1467 1465 1506 in
1494 1466 1638 1533 hymno
1668 1464 1856 1522 κλητικῷ
1885 1479 1909 1507 a

299 1527 412 1579 poeta
451 1526 621 1577 positum
662 1525 714 1565 sit
751 1523 810 1576 (1,
843 1525 888 1571 1,
919 1525 957 1572 2,
989 1524 1034 1576 6)
1077 1524 1226 1565 ostendi
1271 1522 1341 1575 (cf.
1372 1536 1404 1565 s.
1436 1522 1512 1576 v.;)
1552 1525 1593 1564 in
1622 1525 1748 1576 primo
1777 1529 1907 1565 autem

302 1584 473 1624 carmine
493 1584 694 1650 praeterea
714 1581 811 1622 haec
831 1593 983 1634 quoque
1005 1580 1194 1622 vocabula
1213 1582 1464 1622 inveniuntur
1484 1582 1614 1634 epica:
1636 1577 1909 1637 ἐλαφηβόλος

302 1642 341 1682 et
368 1634 707 1707 θρασυκάρδιος.
767 1638 844 1679 Sed
874 1639 1077 1680 locutionis
1105 1638 1221 1680 elatio
1251 1640 1290 1679 et
1317 1639 1454 1690 gratia,
1484 1650 1601 1691 quam
1630 1641 1741 1691 poeta
1770 1640 1810 1679 in
1833 1639 1906 1680 hoc

301 1699 475 1739 carmine
503 1699 662 1749 spectat,
692 1708 768 1737 non
797 1695 925 1736 solum
956 1708 999 1737 eo
1030 1695 1207 1744 efficitur,
1236 1697 1339 1748 quod
1366 1696 1580 1736 Homerum
1608 1699 1691 1737 arte
1719 1698 1906 1749 sequitur,

302 1756 371 1796 sed
413 1766 502 1795 cum
546 1754 723 1794 libertate
766 1754 935 1806 quadam
979 1765 1066 1794 eum
1109 1754 1302 1801 imitatur,
1345 1749 1583 1794 δέσποιναν
1623 1752 1772 1809 θηρῶν
1802 1755 1905 1795 enim

295 1812 464 1854 Dianam
494 1812 667 1852 nominat
697 1809 749 1864 (v.
781 1810 838 1862 3),
879 1810 1056 1851 vocabuli
1096 1806 1310 1851 δέσποινα
1353 1811 1392 1851 vi
1430 1812 1644 1852 immutata
1703 1811 1906 1852 Summam

297 1871 419 1923 igitur
448 1867 666 1919 curam⁶⁴)
708 1870 749 1908 in
778 1868 852 1909 hoc
880 1869 1052 1909 carmine
1082 1869 1342 1920 componendo
1372 1879 1396 1908 a
1425 1871 1538 1920 poeta
1569 1880 1656 1909 esse
1686 1868 1905 1909 adhibitam

298 1928 487 1968 videmus
547 1925 755 1966 Praeterea
797 1925 895 1966 haec
939 1927 1089 1966 exstant
1133 1924 1322 1966 vocabula
1366 1937 1387 1966 e
1414 1926 1497 1966 ica:
1541 1920 1795 1993 αἰνοπαθής
1840 1926 1905 1974 36,

296 1979 604 2053 ἁλιπόρφυρος
637 1982 727 2031 138,
757 1975 1046 2036 ἀργυρότοξος
1070 1982 1163 2031 110,
1192 1994 1420 2038 αστεμφης
1440 1983 1478 2031 7,
1495 1978 1757 2051 γαλαθηνός
1778 1984 1843 2024 51.
1867 1984 1903 2031 2,

294 2036 449 2095 ρι’λυιια
481 2041 547 2083 21.
578 2039 616 2086 4,
645 2035 840 2089 εύκτιτος
873 2040 937 2080 14.
969 2041 1005 2088 5,
1047 2035 1314 2107 καλλίκομος
1344 2040 1409 2089 69,
1448 2035 1586 2092 κάλιξ
1621 2041 1712 2087 150,
1750 2036 1905 2110 κρείων

298 2100 401 2147 111;
431 2101 469 2139 et
498 2098 572 2139 hae
602 2097 833 2138 locutiones:
864 2092 1059 2151 πόλεμον
1088 2092 1349 2166 δακρυόεντα
1379 2097 1445 2138 94
1468 2098 1505 2146 2,
1535 2094 1739 2166 δυσηχέος
1774 2094 1904 2139 πολέ-

294 2169 397 2211 μοιο
430 2155 522 2203 107,
553 2150 768 2208 πατρίδος
798 2148 896 2209 αιἠς
924 2157 963 2196 et
975 2112 1134 2196 Νότου
1165 2150 1350 2195 λαίλαπι
1378 2151 1571 2211 χειμερίῃ
1603 2155 1694 2196 113.
1724 2156 1823 2196 Item
1853 2157 1904 2197 ad

297 2215 450 2266 epicum
482 2223 699 2253 sermonem
729 2212 930 2253 referenda
959 2215 1051 2253 sunt
1080 2207 1212 2267 αἰχμή
1240 2213 1309 2260 (de
1330 2211 1450 2265 bello)
1484 2213 1550 2261 31,
1574 2207 1807 2268 ἐρίβρομος
1841 2214 1902 2261 11,

293 2267 433 2312 νείκεα
461 2267 536 2311 καὶ
568 2265 760 2336 πόλεμον
791 2269 856 2310 94.
887 2270 923 2310 2.
984 2269 1114 2310 Verba
1154 2272 1192 2310 et
1230 2269 1452 2320 locutiones,
1492 2281 1592 2323 quae
1632 2282 1722 2311 cum
1750 2272 1904 2312 notione

293 2331 361 2369 aut
388 2330 582 2369 structura
611 2327 660 2367 ab
681 2327 790 2379 epico
821 2338 998 2367 sermone
1029 2329 1264 2378 usurpantur
1290 2329 1328 2368 et
1356 2339 1402 2368 ea
1431 2328 1479 2368 de
1509 2339 1627 2368 causa
1655 2339 1679 2368 a
1707 2339 1903 2380 gramma-

293 2387 382 2426 ticis
411 2397 462 2438 qu
542 2396 563 2425 e
592 2385 788 2425 veteribus
830 2387 1191 2432 commemorantur,
1232 2384 1328 2425 haec
1357 2386 1469 2425 sunt:
1510 2381 1725 2426 δέσποινα
1753 2385 1903 2453 θηρῶν

301 2443 336 2485 1.
359 2442 398 2491 3,
428 2396 659 2483 θωλειαν“
642 2436 792 2510 ἑορτήν
812 2441 878 2489 54,
908 2437 1060 2506 κορέω
1067 2441 1134 2494 (de
1155 2441 1331 2492 homine)
1354 2442 1390 2490 5,
1420 2437 1605 2491 κωτίλος
1639 2442 1729 2489 154,
1752 2440 1903 2496 νεβρὸν

294 2497 504 2555 νεοθηλέα
533 2493 780 2568 γαλαθηνόν
812 2499 877 2546 51,
908 2492 1084 2553 ῥαδινός
1117 2499 1209 2541 165.
1250 2498 1410 2539 Praeter
1439 2511 1486 2540 ea
1515 2500 1781 2540 memorabilia
1811 2504 1902 2542 sunt

293 2557 392 2598 haec
421 2555 614 2608 exempla:
655 2550 716 2606 ὡς
744 2568 833 2597 οιιιιι
863 2557 1048 2598 adverbio
1090 2557 1336 2596 coniunctum
1368 2557 1420 2597 95
1461 2555 1577 2608 (haec
1608 2558 1730 2610 igitur
1759 2557 1901 2599 locutio

293 2627 368 2655 non
417 2615 555 2654 atticae
602 2615 753 2654 tantum
802 2614 965 2665 originis
1015 2612 1112 2666 est),
1168 2608 1317 2668 ὕψη-λὰ
1369 2611 1618 2681 νενοηιιὲνος
1666 2614 1732 2668 (de
1779 2616 1900 2656 animi

291 2671 564 2796 ἓξριξῗρῖἇνάιλ
558 2663 963 2797 ἳγγῗρῇἰᾷξςπῖιῶώ
978 2667 1171 2781 4ῗ3εἶιῖἐ1
1170 2683 1328 2780 [ξιῖλὲί
1318 2666 1505 2770 ἐξνότῶυθ
1509 2671 1900 2784 fgoegdexgyffigg

295 2781 659 2841 112.1,ιμερτὴν
684 2780 849 2842 ἡλικίην
882 2785 975 2827 113.
1006 2785 1044 2827 4.

314 2970 366 3006 79,
382 2922 438 3005 1534))
468 2921 552 2953 Vide
590 2930 674 2961 quae
708 2921 749 2952 de
780 2921 842 2953 hoc
865 2921 1050 2962 fragmento
1074 2921 1263 2962 nuperrime
1287 2920 1371 2953 dixit
1395 2921 1615 2954 Wilamowitz
1640 2921 1767 2966 (Herm.
1793 2923 1889 2955 XXX

292 2973 306 3002 1
