2144 3412
798 924 949 982 Caput
979 924 1202 980 primum.

239 1034 315 1080 De
351 1031 696 1080 Anacreontis
731 1029 847 1078 vita
880 1030 1095 1090 eiusque
1131 1028 1418 1076 carminum
1451 1029 1762 1078 editionibus

877 1114 1119 1176 antiquis.

306 1255 380 1295 'l'eo
410 1254 663 1294 Anacreontis
693 1254 820 1306 patria
856 1252 952 1292 urbe
982 1263 1082 1293 anno
1105 1251 1185 1292 545
1218 1263 1241 1292 a
1261 1251 1393 1293 Persis
1414 1254 1633 1304 expugnata
1653 1252 1762 1303 (Her.
1786 1253 1806 1293 1

200 1328 299 1382 168)
329 1330 443 1381 poeta
473 1329 568 1381 quin
597 1339 676 1369 una
716 1339 806 1368 cum
845 1327 1098 1379 popularibus
1138 1328 1335 1368 Abderam
1375 1338 1460 1367 sese
1492 1325 1701 1367 contulerit
1729 1338 1806 1366 non

192 1404 355 1444 dubium
386 1405 454 1451 est,
485 1403 519 1443 si
550 1403 709 1455 quidem
739 1401 792 1449 id,
822 1402 926 1451 quod
967 1401 1108 1442 Suidas
1140 1402 1186 1442 de
1217 1413 1261 1442 eo
1291 1401 1388 1441 dicit
1415 1402 1464 1451 (s.
1496 1402 1571 1452 v.):
1608 1396 1808 1442 ἐκπεσών

189 1474 240 1518 δὲ
275 1473 394 1518 Τέω.
412 1509 419 1517 .
436 1508 470 1518 ..
501 1470 664 1531 ᾤκησεν
680 1470 885 1530 ’Ἀβδηρα
916 1472 962 1516 ἐν
996 1470 1170 1531 Θρᾴκῃ,
1213 1477 1365 1516 veteres
1402 1477 1506 1516 recte
1536 1475 1808 1516 concluserunt

193 1563 240 1592 ex
270 1552 354 1593 eius
385 1552 633 1599 carminibus,
663 1551 806 1603 quibus
844 1549 1033 1591 Thraciae
1071 1550 1181 1591 urbis
1223 1550 1460 1590 mentionem
1500 1549 1593 1590 fecit
1623 1550 1690 1600 (cf.
1722 1550 1806 1590 eius

191 1628 233 1667 in
253 1626 499 1678 Agathonem
522 1626 734 1666 Abderiten
755 1626 995 1677 epigramma
1015 1626 1060 1665 A.
1081 1624 1122 1664 P.
1145 1624 1223 1665 VII
1245 1624 1326 1664 226
1349 1627 1387 1664 et
1404 1624 1449 1664 fr.
1475 1623 1577 1665 130:
1606 1626 1807 1677 praeterea

190 1712 345 1741 versum
376 1700 502 1747 illum,
539 1701 605 1753 qui
636 1701 684 1740 de
714 1699 892 1740 ‘l'eiorum
924 1699 1074 1740 colonia
1104 1699 1448 1740 circumferebatur
1462 1692 1668 1754 ’Ἄβδηρα
1698 1695 1810 1753 καλὴ

197 1769 338 1829 Τηίων
381 1767 565 1828 ἅποικίη
605 1773 728 1815 Strab.
771 1773 863 1814 XIV
909 1773 1010 1822 644,
1054 1785 1170 1827 quem
1211 1774 1467 1814 Anacreontis
1510 1785 1595 1814 esse
1641 1774 1808 1814 coniecit

193 1848 355 1890 Crusius
385 1849 487 1901 apud
517 1847 854 1900 Pauly-wissowa
885 1848 904 1888 I
936 1846 1077 1901 2036).
1137 1848 1331 1898 Quamdiu
1373 1848 1429 1888 ibi
1468 1847 1584 1888 fuerit
1612 1859 1687 1888 non
1719 1859 1808 1888 con-

191 1925 277 1971 stat,
308 1922 468 1964 Samum
515 1924 647 1963 autem
677 1925 780 1963 certe
822 1924 906 1963 tum
949 1923 1064 1973 venit,
1106 1934 1195 1963 cum
1225 1922 1446 1974 Polycrates
1489 1922 1608 1962 totius
1654 1921 1808 1962 insulae

190 1998 398 2050 imperium
438 1998 615 2038 obtinuit.
673 1997 835 2038 Veteres
877 1998 1011 2038 eodem
1055 2000 1227 2049 tempore
1270 1999 1423 2049 poetam
1465 1998 1582 2038 etiam
1626 1996 1805 2037 floruisse

189 2073 347 2113 tradunt
385 2071 450 2123 (cf.
492 2072 649 2112 Hieron.
679 2073 729 2112 ad
760 2071 818 2112 Ol.
850 2071 933 2123 62),
979 2073 1081 2124 quod
1125 2084 1194 2113 cur
1232 2074 1470 2125 sumpserint
1511 2073 1687 2124 apertum
1726 2072 1806 2119 est;

190 2147 282 2199 quia
311 2146 414 2187 enim
445 2145 657 2198 Polycratis
686 2147 728 2186 in
757 2145 849 2187 aula
889 2146 963 2187 fuit
1004 2148 1163 2199 eiusque
1203 2147 1536 2199 magnificentiam
1568 2146 1808 2186 carminibus

191 2220 412 2268 celebravit,
443 2221 483 2261 id
514 2222 614 2273 quod
645 2221 818 2273 antiquis
848 2233 1026 2262 summus
1057 2222 1142 2262 eius
1173 2222 1275 2262 vitae
1306 2224 1468 2262 eventus
1499 2233 1585 2262 esse
1607 2221 1716 2261 visus
1738 2222 1807 2267 est,

189 2297 327 2336 aetatis
359 2295 474 2336 robur
516 2296 594 2335 iam
625 2296 809 2347 adeptum
839 2297 1122 2336 Anacreontem
1165 2307 1208 2336 eo
1250 2308 1292 2336 se
1334 2295 1544 2337 contulisse
1574 2306 1807 2347 persuasum

192 2368 398 2410 habebant.
467 2370 576 2410 Haec
614 2370 739 2422 igitur
776 2371 874 2410 ratio
916 2382 1153 2423 quamquam
1192 2372 1438 2411 externarum
1481 2371 1631 2409 tantum
1678 2380 1807 2409 rerum

191 2444 424 2495 cogitatione
454 2445 601 2492 nititur,
630 2445 762 2485 tamen
791 2457 867 2485 non
897 2456 1058 2497 prorsus
1087 2444 1186 2485 falsa
1217 2447 1294 2486 est:
1326 2456 1417 2484 nam
1448 2445 1496 2484 de
1526 2444 1636 2484 urbis
1658 2444 1806 2495 patriae

190 2519 347 2558 interitu
377 2530 466 2559 cum
509 2519 593 2571 ipse
632 2518 813 2571 loquatur
842 2518 903 2568 (fr.
935 2518 1000 2560 36.
1032 2518 1115 2568 72),
1153 2520 1210 2559 sic
1250 2530 1403 2572 quoque
1441 2519 1491 2559 ad
1531 2529 1677 2558 annum
1723 2516 1805 2558 570

191 2592 271 2633 fere
300 2592 525 2634 reducimur
554 2593 654 2634 vitae
683 2594 786 2634 initii
817 2595 1027 2634 terminum
1059 2595 1287 2634 extremum.

303 2666 363 2707 De
393 2666 523 2708 Samio
554 2669 638 2709 eius
668 2669 770 2708 vitae
801 2670 974 2720 tempore
995 2669 1169 2709 veterum
1200 2668 1422 2708 testimonia
1452 2667 1613 2707 minime
1646 2666 1809 2717 desunt2

193 2742 322 2781 omnia
366 2753 427 2782 me
457 2741 523 2782 hio
553 2742 715 2783 reddere
746 2743 838 2795 quia
868 2754 965 2795 opus
995 2754 1071 2783 non
1103 2745 1171 2790 est,
1212 2742 1357 2783 sufficit
1386 2742 1695 2783 vetustissimam
1727 2752 1808 2781 om-

190 2816 298 2855 nium
330 2815 509 2857 attulisse
539 2816 724 2858 Herodoti
754 2817 982 2858 memoriam
1014 2817 1075 2857 111
1111 2817 1202 2865 121,
1242 2818 1310 2858 ubi
1351 2817 1399 2857 de
1430 2815 1569 2857 Oroeta
1598 2814 1806 2855 Persarum

190 2891 343 2942 satrape
385 2889 578 2942 Polycrati
617 2891 781 2932 insidias
821 2894 980 2944 parante
1021 2892 1118 2932 haec
1161 2891 1367 2944 leguntur:
1407 2885 1448 2931 οἱ
1493 2886 1542 2931 δὲ
1575 2883 1810 2937 ἐλάσσονες

193 2963 374 3015 (oppositi
408 2966 499 3005 sunt
528 2959 567 3005 οἱ
602 2961 782 3015 πλέονες
816 2966 914 3017 120)
945 2963 1115 3019 λέγουσι
1149 2962 1331 3019 πέμψαι
1357 2958 1552 3020 Ὀροίτεα
1583 2959 1629 3013 ἐς
1661 2957 1811 3017 Σάμον

1507 3035 1525 3071 1
