2144 3412
217 347 258 387 id
288 359 440 401 quoque
468 348 641 401 poscitur
661 350 702 390 in
725 349 791 391 illo
813 351 967 392 dicendi
986 364 1141 404 genere,
1173 356 1215 393 ut
1235 353 1392 405 singula
1422 348 1612 407 cuiusque
1634 355 1817 395 carminis

217 422 392 464 membra
419 423 501 464 arte
530 423 632 464 inter
660 436 703 465 se
733 424 963 467 cohaereant
984 427 1021 466 et
1041 427 1160 467 oratio
1190 439 1312 480 aeque
1343 428 1510 480 profluat
1538 440 1634 470 neve
1663 430 1817 470 senten·

215 498 358 539 tiarum
389 498 627 540 concinnitas
657 499 834 542 deleatur
861 499 928 552 (cf.
957 513 995 553 p.
1028 501 1142 554 514).
1202 502 1285 543 Hoc
1314 504 1444 543 autem
1473 502 1577 544 idem
1608 505 1675 552 est,
1715 505 1817 558 quod

213 571 426 625 Dionysius
481 572 840 615 Halicarnassensis
891 576 954 625 (de
998 587 1122 628 comp.
1168 577 1275 619 verb.
1319 590 1356 629 p.
1399 575 1481 617 336
1527 576 1699 629 Schaef.)
1742 574 1817 632 τὴν

213 642 435 702 γλαφυρὰν
470 644 545 688 καὶ
575 639 770 703 ἀνθηρὰν
815 643 1020 691 σύνθεσιν
1056 652 1238 693 nominat.
1298 652 1354 693 Cf.
1386 652 1489 692 enim
1527 651 1622 693 ibid.
1652 664 1690 704 p.
1723 651 1816 701 338,

216 722 254 761 et
284 721 372 762 vide
403 733 500 774 quae
530 722 579 763 de
599 722 769 775 singulis
789 723 919 764 verbis
947 724 989 764 in
1019 723 1092 764 hac
1114 726 1283 766 oratione
1303 725 1538 766 adhibendis
1569 728 1606 766 et
1626 727 1815 780 cuiusque

218 796 399 836 carminis
430 795 525 836 colis
545 799 752 849 praecepta
780 797 924 849 profert
951 810 989 851 p.
1012 797 1106 840 340.
1164 799 1271 840 Haec
1301 801 1429 840 autem
1458 799 1662 841 locutionis
1691 800 1812 853 polita

216 871 452 911 concinnitas
483 873 520 911 et
548 875 681 912 ornata
701 873 885 913 venustas
904 883 928 913 a
947 872 1134 925 Dionysio
1154 876 1306 925 praeter
1326 874 1540 914 Hesiodum
1571 876 1610 915 et
1628 875 1812 916 Lesbiam

213 945 400 998 poeti-iam
430 946 662 987 Anacreonti
694 948 733 987 et
761 945 950 987 Simonidi
991 949 1029 987 et
1057 946 1237 999 Euripidi
1267 948 1400 995 datur;
1439 951 1477 988 et
1506 948 1556 989 ad
1585 950 1815 990 sententiam

212 1031 323 1060 suam
355 1020 527 1072 exemplo
557 1021 685 1073 magis
715 1020 1017 1061 confirmandam
1048 1020 1229 1073 Sapphus
1260 1033 1416 1062 carmen
1436 1022 1684 1063 notissimum
1714 1023 1814 1065 illud

212 1094 402 1146 hymnum
432 1095 472 1135 in
503 1094 695 1135 Venerem
734 1094 880 1135 factum
919 1095 1055 1136 reddit.
1114 1093 1203 1135 Non
1242 1096 1372 1136 minus
1411 1098 1513 1136 recte
1551 1097 1814 1146 iudicavisset,

214 1169 248 1209 si
277 1180 346 1221 pro
377 1180 420 1209 eo
462 1169 715 1210 Anacreontis
754 1179 920 1217 carmen,
959 1180 1033 1221 quo
1071 1169 1221 1210 Dianae
1258 1181 1402 1211 numen
1431 1169 1650 1212 celebratur
1679 1172 1741 1222 (fr.
1777 1172 1814 1223 1)

212 1242 274 1284 vel
302 1242 411 1284 aliud
441 1242 568 1295 (velut
586 1242 632 1284 fr.
656 1242 693 1285 2.
717 1241 781 1284 14.
803 1242 876 1295 43)
907 1244 1159 1292 reddidisset;
1189 1244 1336 1295 ubique
1357 1246 1462 1285 enim
1491 1246 1609 1286 totius
1629 1247 1815 1287 carminis

209 1317 364 1369 singula
412 1318 587 1358 membra
638 1316 806 1358 naturali
857 1318 1024 1370 quodam
1072 1319 1373 1372 firmissimoque
1422 1319 1576 1361 vinculo
1627 1321 1729 1362 inter
1773 1334 1815 1363 se

210 1392 415 1432 coniuncta
444 1403 530 1432 esse
559 1392 669 1432 vides
709 1394 746 1433 et
786 1394 1016 1434 sententiam
1054 1405 1154 1446 quae
1184 1395 1410 1446 proponitur
1445 1395 1545 1436 bene
1577 1396 1814 1448 dispositam.

211 1465 246 1508 1.
276 1467 334 1507 de
362 1466 604 1508 articulo.

319 1551 353 1581 a.
382 1541 583 1582 Articulus
599 1542 703 1594 apud
720 1543 1002 1583 Anacreoan
1022 1543 1157 1594 paucis
1175 1544 1327 1584 tantum
1346 1542 1445 1584 locis
1464 1542 1623 1597 legitur.
1652 1544 1815 1586 Ponitur

206 1616 249 1656 in
279 1616 448 1657 definitis
468 1616 644 1668 partibus
672 1617 791 1657 totius
822 1615 992 1658 alicuius
1020 1618 1077 1658 rei
1108 1617 1347 1658 indicandis:
1380 1617 1445 1667 63,
1476 1617 1501 1659 3
1531 1615 1587 1659 τὰ
1615 1616 1696 1674 μὲν
1725 1612 1810 1661 6έί

208 1686 357 1744 ἐγχέας
384 1683 554 1741 ὕδατος,
584 1686 640 1731 τὰ
660 1686 791 1732 πέντε
822 1683 861 1732 δ’
893 1684 1013 1732 οἴνου
1041 1686 1247 1743 κυάθους,
1282 1691 1335 1733 83
1367 1687 1608 1749 στεφάνους
1637 1686 1677 1734 <5³
1707 1687 1813 1749 ἀνῆρ

209 1765 327 1818 τρεῖς
356 1759 540 1814 ἕκαστος
568 1756 692 1819 εἶχεν,
729 1762 831 1815 τούς
868 1762 948 1820 μὲν
978 1761 1186 1822 ῥοδίνους,
1229 1763 1306 1807 τὸν
1334 1764 1384 1809 δὲ
1414 1763 1726 1824 Ναυκρατίτην.
1757 1791 1812 1798 -

203 1833 442 1895 μεμάθηκα
470 1832 528 1887 δ’,
559 1832 592 1880 α’
624 1834 836 1896 Μεγίστη,
864 1839 950 1880 τῶν
979 1833 1309 1895 ἅβακιζομένων
1340 1841 1404 1890 74,
1426 1842 1473 1891 4;
1503 1843 1571 1895 qui
1599 1843 1810 1896 tranquillo

207 1914 336 1955 animo
365 1916 456 1955 sunt
477 1916 720 1966 opponuntur
747 1915 808 1963 iis,
838 1909 938 1956 ὅσοι
964 1910 1172 1966 χθονίους
1201 1910 1347 1967 ἔχουσι
1366 1912 1555 1972 ῥυσμούς
1583 1913 1657 1957 καὶ
1685 1915 1808 1968 χαλε-

205 1983 330 2038 πούς.
388 1990 450 2030 Ad
490 1988 660 2030 hominis
700 1990 892 2042 originem
931 1990 1176 2031 indicandam
1207 1990 1417 2033 adhibetur
1447 1990 1501 2032 82
1527 1983 1719 2046 Ἐρξίωνι
1747 1988 1811 2047 tq*

205 2058 506 2119 Λευκολόφου.
565 2063 877 2105 Pronominalem
920 2065 1000 2105 vim
1044 2059 1068 2106 ὁ
1098 2058 1142 2105 δ’
1173 2064 1279 2119 (10),
1322 2060 1348 2121 ἦ
1377 2058 1422 2106 δ’
1454 2065 1540 2117 (14,
1572 2066 1614 2115 5)
1657 2065 1811 2108 habent.

204 2137 403 2179 Articulus
432 2140 632 2191 praeterea
660 2139 858 2180 invenitur
886 2140 928 2180 in
957 2140 1213 2181 substantivis
1243 2152 1333 2181 eum
1364 2141 1555 2182 adiectivo
1586 2141 1811 2191 coniunctis,

203 2224 361 2266 semper
388 2214 518 2254 antem
550 2213 615 2262 ita,
646 2216 690 2254 ut
717 2214 955 2255 adiectivum
984 2226 1054 2255 suo
1085 2215 1328 2256 substantivo
1347 2216 1551 2256 antecedat
1578 2215 1741 2256 articulo
1761 2217 1811 2257 ab

203 2287 394 2329 adiectivo
422 2299 498 2328 non
527 2290 726 2340 separato:
758 2287 810 2328 21
823 2299 859 2330 a.
882 2287 948 2330 80.
971 2288 1036 2337 90,
1069 2288 1106 2330 2.
1130 2288 1155 2328 4
1186 2284 1260 2345 τὴν
1290 2284 1492 2330 ἐπίστιον
1521 2289 1594 2340 (sc.
1617 2284 1810 2342 κίλικα);

207 2361 298 2410 100,
331 2362 367 2404 1.
389 2360 427 2403 3.
488 2361 641 2403 Deinde
685 2361 829 2415 legitur
871 2363 975 2414 apud
1019 2357 1150 2416 ἕμός.”
1189 2359 1267 2405 τὸν
1308 2359 1415 2417 ἐμὸν
1444 2357 1489 2404 δ’
1522 2357 1653 2419 ἔρωτ’
1688 2364 1724 2412 2,
1759 2364 1809 2405 10

204 2435 279 2492 τῆς
299 2431 404 2492 ἒμῆς
425 2433 567 2491 ψυχῆς
596 2436 634 2487 4,
657 2435 681 2477 3
712 2432 788 2491 τὴν
806 2432 887 2490 μὲν
907 2432 1014 2491 ἐμῆν
1034 2431 1171 2491 κόμην
1206 2438 1268 2486 14,
1291 2438 1336 2486 6;
1369 2433 1415 2480 αἱ
1444 2431 1490 2479 δ’
1523 2434 1627 2492 ἐμαὶ
1655 2434 1810 2493 φρένες

208 2510 260 2551 81
292 2511 368 2562 (sic
397 2509 459 2552 Et.
480 2510 532 2552 Μ.
563 2509 656 2559 322,
679 2510 763 2563 22),
793 2512 862 2552 sed
892 2505 936 2552 αὶ
968 2507 1018 2553 δέ
1046 2524 1128 2565 μεο
1159 2510 1276 2566 (μευ)
1307 2525 1381 2568 φρ.
1413 2513 1572 2554 Cramer
1601 2513 1672 2553 An.
1703 2512 1769 2554 Ox.
1790 2513 1810 2554 I

207 2584 300 2634 288,
331 2583 369 2626 3.
428 2584 533 2635 Quae
562 2584 676 2626 lectio
706 2586 859 2638 integra
889 2589 957 2628 est.
1015 2585 1232 2627 Rarissima
1274 2589 1332 2628 est
1374 2598 1419 2627 ea
1449 2586 1657 2633 collocatio.
1698 2588 1810 2628 cuius

205 2658 389 2700 nonnulla
417 2658 593 2712 exempla
621 2659 733 2700 affert
753 2659 917 2712 Krugen
947 2671 1004 2712 gr.
1026 2659 1202 2713 Sprachl.
1225 2660 1309 2714 (47,
1332 2660 1368 2709 9,
1391 2660 1446 2714 5),
1476 2662 1518 2702 in
1547 2660 1612 2702 his
1642 2661 1809 2715 Hippon.

204 2734 248 2775 fr.
280 2734 333 2774 62
374 2726 416 2773 οἱ
447 2729 497 2775 δέ
523 2746 603 2787 μεο
633 2726 806 2783 ὀδόντες
849 2730 895 2775 ἐν
938 2734 1055 2776 τοῖσι
1095 2729 1302 2788 γνάθοισι
1344 2730 1588 2776 κεκινέαται
1631 2730 1808 2786 πάντες.

203 2808 406 2850 Accedunt
434 2819 480 2848 ex
509 2807 686 2850 Herodao
715 2809 955 2850 mimiambis
984 2809 1027 2849 bi
1058 2808 1154 2850 loci:
1185 2809 1232 2860 ·5,
1263 2809 1289 2850 7
1318 2804 1370 2850 τό
1398 2821 1478 2863 μεο
1508 2799 1646 2864 αἷμα,·
1686 2810 1722 2859 6,
1753 2810 1804 2852 41

203 2877 279 2939 τήν
320 2894 401 2937 μεο
439 2879 659 2935 γλῶσσαν,
704 2883 742 2932 5,
775 2883 828 2925 39
871 2878 948 2940 τήν
991 2894 1066 2924 σεο
1108 2878 1247 2939 χολτζν.
1307 2883 1552 2925 Pronominis
1594 2885 1808 2937 personalis

204 2958 383 3010 genetivo
413 2957 694 3008 possessionem
719 2957 913 2998 indicante
943 2959 1056 3011 positi
1090 2957 1267 3010 exempla
1297 2970 1371 2999 non
1391 2970 1516 3011 pauca
1536 2961 1686 3000 exstant
1704 2961 1806 3012 apud
