2144 3412
875 247 1157 290 ..91-

214 373 463 414 Adiectivum
492 373 649 426 quidem
688 372 762 414 hoc
800 374 950 414 tantum
989 373 1074 414 loco
1112 374 1319 423 invenitur,
1359 374 1428 414 sed
1467 373 1665 440 praeterea
1694 372 1819 411 exstat

211 423 492 498 ὀρσολοπεύω
522 430 625 498 quod
653 429 800 482 legitur
828 430 867 471 h.
886 431 1004 472 Mero.
1026 430 1131 472 308:
1160 424 1185 485 ἦ
1214 443 1268 483 με
1287 427 1442 483 βοῶν’
1425 422 1534 480 ἕνεχ’
1567 418 1652 470 ὧδε
1669 423 1817 479 χολού·

209 499 340 554 μενος
354 480 688 556 ὀρσολοπεύειςς
707 488 863 528 Maxim.
879 501 1055 542 καταρχ.
1074 489 1155 529 107
1169 484 1258 530 αἶεί
1272 501 1320 528 κε
1334 484 1584 555 πανήμερον
1591 479 1815 556 ὀρσολοπ-

208 539 293 585 εύει
344 541 476 599 μύθῳ
518 519 710 599 ὀνειδείῳ
749 538 775 600 ἢ
813 544 1035 602 πληγῇσιν
1076 541 1241 594 ἶάπτεις
1294 548 1331 586 et
1381 521 1650 599 ὀρσολοπέω.
1705 541 1816 584 Phot.

208 595 492 670 ὀρσολοπεῖν·
522 598 753 655 λοιδορεῖν.
789 600 1011 656 πολεμεῖν.
1041 603 1136 645 Hes.
1170 597 1504 655 ὀρσολοπεῖται·
1536 598 1818 654 διαπολεμεῖ-

208 672 295 700 ται.
337 654 615 727 ταράσσεται,
656 671 755 712 quae
794 659 927 712 glossa
967 661 1070 701 redit
1107 662 1156 701 ad
1197 660 1337 701 Aesch.
1375 659 1481 700 Pers.
1516 659 1579 708 10,
1619 659 1687 699 ubi
1731 669 1818 698 eam

210 716 330 756 habet
360 718 464 757 vim:
494 709 609 771 ἀμφὶ
640 714 689 758 δὲ
722 713 862 784 νόστῳ
892 717 954 772 τῷ
982 713 1191 771 βασιλείω
1220 714 1295 758 καὶ
1313 711 1588 786 πολυχρύσου
1611 715 1819 770 στρατιᾶς

206 768 286 828 ήδη
324 769 591 828 κακόμαντις
631 769 740 828 ἄγαν
777 767 1090 827 ὀρσολοπεῖται
1122 772 1268 828 θυμὸς
1308 770 1491 816 ἔσωθεν.
1551 773 1668 826 Origo
1699 773 1818 814 huius

211 831 317 871 vocis
349 833 504 872 omnino
537 833 701 872 obscura
731 834 809 880 est;
840 834 943 873 certe
964 833 1136 874 denotat:
1170 833 1363 899 aggredi,
1394 843 1544 881 vexare,
1574 823 1760 871 turbare'.

322 882 501 956 όχανον.]
533 889 577 929 fr.
600 889 652 930 91
684 886 759 930 διὰ
779 886 900 930 δεῖτε
920 874 1241 957 Καρικοεργέος
1261 882 1415 940 ὀχάνου
1433 888 1558 956 χεῖρα
1578 884 1816 955 τιθέμενοι.

210 945 300 986 Hes.
332 939 509 996 ὄχανον·
554 960 578 986 ο
621 946 698 1002 τῆς
739 939 934 996 ασπίδος
973 942 1170 1000 πόρπαξ.
1215 943 1290 987 καὶ
1330 941 1354 987 ὁ
1395 941 1568 998 δεσμός.
1600 942 1674 986 καὶ
1705 939 1818 985 όπου

209 996 475 1100 ε’μβοὲλλουσι
507 1000 586 1052 τὰς
613 1004 763 1059 χεῖρας
792 999 961 1059 (τρίχας
990 1005 1094 1044 cod.:
1125 1016 1196 1045 em.
1218 1002 1430 1056 Meineke).
1473 1003 1531 1044 Cf.
1562 1003 1652 1043 Her.
1683 1003 1702 1043 I
1728 1002 1818 1050 171,

319 1114 580 1171 παμφαλιῦ]
639 1117 732 1170 Egit
775 1119 822 1159 de
866 1118 939 1158 hoc
983 1118 1169 1158 vocabulo
1209 1118 1380 1165 Meister,
1426 1117 1614 1166 Herodas,
1656 1130 1691 1169 p.
1723 1116 1818 1159 869.

204 1173 360 1214 Ionicae
389 1176 519 1215 autem
558 1175 712 1216 dialecti
755 1177 814 1216 est
852 1176 1051 1227 proprium
1092 1177 1131 1216 et
1158 1176 1200 1216 in
1230 1175 1383 1227 vulgari
1413 1187 1591 1216 sermone
1621 1176 1819 1222 usitatum,

203 1231 307 1272 unde
337 1234 590 1283 sumpserunt
619 1232 823 1284 Hipponax
853 1231 917 1283 (fr.
949 1231 1050 1284 131)
1081 1234 1118 1273 et
1146 1234 1348 1274 Anacreon
1377 1233 1436 1282 (ir.
1470 1233 1582 1284 160).

319 1285 562 1357 πέπειρος]
603 1288 763 1357 Proprie
793 1291 840 1330 de
871 1290 999 1330 fructu
1029 1292 1180 1330 maturo
1210 1291 1358 1331 dictum
1389 1293 1447 1331 est
1477 1290 1640 1342 (Moeris
1669 1301 1704 1341 p.
1738 1289 1817 1329 120

205 1341 422 1401 δρυπέτης
451 1341 671 1397 Ἀττικοί,
702 1342 918 1401 πέπειρος
935 1341 1168 1402 εεἘλληνες)
1218 1359 1268 1390 ex
1297 1360 1375 1400 qua
1404 1348 1690 1400 significatione
1718 1345 1819 1386 aliae

202 1415 354 1471 quoque
396 1406 502 1445 ortae
545 1406 646 1449 sunt,
688 1416 812 1472 quae
828 1405 868 1445 in
914 1404 978 1446 his
1020 1405 1172 1446 duabus
1211 1405 1400 1472 Hesychii
1443 1405 1586 1458 glossis
1624 1404 1819 1456 leguntur.

201 1456 434 1529 πέπειρον·
477 1458 732 1511 πεπανθέν,
775 1456 962 1531 ιῖἰριμον,
992 1455 1269 1517 ὠπτημένον,
1299 1456 1502 1516 ἀκμαῖον.
1555 1457 1816 1515 πεπείρους

207 1511 464 1572 ἐφημένους.
509 1514 586 1559 ἐπὶ
618 1512 800 1571 ὀπώρας
829 1514 924 1574 ’ἤτοι
956 1518 1189 1574 σταφιλῆς.
1246 1519 1447 1561 Translate
1490 1521 1595 1572 apud
1635 1519 1818 1570 Hippocr.

206 1575 247 1616 11
268 1574 350 1616 306
373 1576 406 1616 L
437 1573 650 1631 πέπειρος
680 1572 808 1626 νόσος
827 1578 1049 1618 nominatur
1067 1579 1226 1618 morbus
1246 1579 1293 1618 ad
1314 1578 1576 1618 maturitatem
1597 1577 1819 1628 perductus.

210 1631 303 1672 Alia
331 1636 462 1674 autem
501 1636 561 1674 est
602 1635 662 1674 vis
691 1634 872 1675 vocabuli
914 1636 1018 1701 apud
1047 1637 1328 1676 Anacreontem
1360 1635 1423 1686 (fr
1456 1635 1552 1686 87):
1593 1629 1715 1702 κνιζή
1745 1634 1818 1683 (sic

204 1689 428 1757 legendum,
457 1691 505 1732 cf.
536 1704 568 1733 s.
598 1692 652 1743 v.)
682 1705 751 1740 τις
780 1685 857 1748 ήδη
886 1689 961 1733 καὶ
992 1689 1186 1762 πέπειρα
1224 1688 1398 1759 γίνομαι
1429 1690 1507 1748 σὴν
1537 1688 1611 1732 διὰ
1648 1702 1814 1744 μαργο-

206 1758 347 1815 συνην.
406 1747 499 1789 Hes.
540 1744 754 1816 πέπειρα·
799 1749 931 1817 γραῖα
973 1748 1111 1817 (germ).
1144 1743 1345 1818 ‘hutzel‘.)
1406 1750 1462 1791 Cf.
1502 1751 1567 1790 Ar.
1607 1748 1703 1790 eccl.
1734 1748 1816 1789 896

205 1797 254 1844 οὐ
283 1800 365 1874 γὰρ
395 1801 440 1846 ἐν
470 1802 587 1855 νέαις
616 1802 667 1846 τὸ
682 1803 848 1874 σοφὸν
878 1802 1052 1858 ἔνεστιν,
1082 1800 1185 1848 ἄλλ
1228 1803 1274 1848 έν
1303 1806 1403 1856 ταῖς
1433 1802 1668 1875 πεπείραις
1698 1805 1816 1859 (ταῖς

203 1858 351 1916 γραΐσι
381 1862 533 1915 schol).
556 1885 608 1893 —
631 1859 823 1919 πέπειρα
843 1863 1088 1905 femininum
1096 1867 1155 1906 eet
1173 1864 1381 1906 masculini
1403 1861 1573 1920 πέπαρ;
1605 1860 1819 1918 πέπειρος

208 1919 270 1970 (A.
300 1918 343 1988 Ρ.
374 1919 450 1961 XII
481 1919 650 1987 9.185)
681 1933 780 1962 nova
810 1924 868 1962 est
898 1922 1087 1964 formatio.

321 1970 345 2016 ὁ
375 1972 670 2032 περιφόρητος
693 1971 950 2032 Ἀρτέμων]
1010 1979 1069 2021 De
1109 1979 1176 2020 illo
1207 1979 1373 2028 homine,
1404 1980 1515 2020 cuius
1544 1990 1686 2020 nomen
1715 1980 1818 2018 Ana-

206 2035 373 2075 creontis
419 2036 657 2076 carminibus
710 2038 957 2077 notissimum
1001 2038 1042 2077 in
1091 2037 1285 2089 proverbii
1335 2037 1653 2077 consuetudinem
1704 2036 1821 2082 venit,

205 2090 349 2143 duplex
390 2094 450 2133 est
489 2095 661 2133 veterum
703 2095 899 2134 memoria.
959 2095 1214 2142 Accuratius,
1264 2106 1351 2135 cum
1396 2095 1499 2146 apud
1539 2095 1819 2134 Anacreontem

206 2149 291 2189 eius
322 2149 466 2190 mentio
496 2149 599 2190 sacta
642 2153 754 2198 esset,
797 2152 838 2191 in
882 2163 971 2191 eum
1002 2153 1207 2204 inquisivit
1245 2151 1504 2193 Chamaeleon
1548 2148 1594 2192 ἐν
1624 2151 1686 2206 τῶ
1716 2147 1821 2217 περὶ

210 2199 535 2275 Ἀνακρέοντος
552 2207 711 2258 (Athen.
751 2208 827 2248 XII
869 2207 1025 2276 5330).
1070 2205 1263 2276 προθεὶς
1300 2202 1354 2250 τό
1399 2207 1562 2276 ξανθῇ
1604 2201 1646 2248 δ’
1691 2200 1819 2275 Εὐρυ-

206 2258 322 2330 πύλη
361 2260 482 2317 μέλει
518 2259 542 2305 ὁ
578 2260 871 2333 περιφόρητος
907 2259 1147 2319 Ἀρτέμων’
1173 2266 1235 2318 (fr.
1269 2266 1322 2307 21
1334 2267 1376 2314 a)
1412 2279 1487 2320 τιν
1522 2261 1816 2334 προσηγορίαν

205 2316 369 2389 ταύτην
389 2318 541 2390 λαβεῖν
566 2318 643 2362 τὸν
667 2316 922 2391 Ἀρτέμωνα
953 2320 1026 2364 διὰ
1055 2320 1106 2364 τὸ
1135 2323 1357 2391 τρυφερῶς
1385 2323 1562 2391 βιοῦντα
1587 2319 1820 2391 περιφέρε-

206 2379 318 2418 o‘tou
348 2373 426 2419 ἐπὶ
467 2374 625 2434 κλίνης.
655 2377 731 2421 καὶ
760 2377 840 2448 γὰρ
868 2373 1115 2436 Ἀνακρέων
1145 2374 1276 2422 αὐτὸν
1305 2377 1354 2422 ἐκ
1384 2376 1539 2430 πενίας
1559 2375 1624 2429 εἰς
1653 2392 1816 2435 vpmprv

205 2430 402 2490 ὁρμισαί
445 2448 578 2491 φησιν
621 2433 667 2478 ἐν
711 2433 902 2488 τούτοις·
1046 2439 1230 2488 ,deinde
1260 2440 1541 2490 grammaticus
1571 2439 1816 2478 notissimum

206 2492 305 2533 illud
336 2504 490 2534 carmen
520 2495 741 2536 Artemonis
769 2469 1030 2537 contumeliis
1044 2496 1229 2537 refertum
1251 2497 1385 2537 reddit.
1418 2495 1678 2537 Chamaeleon
1700 2495 1820 2547 igitur

207 2545 501 2605 περιφόρητος
540 2550 715 2605 intellegi
758 2552 880 2594 voluit
920 2553 967 2594 de
1005 2565 1070 2600 eo.
1108 2554 1197 2606 qui,
1240 2565 1328 2594 cum
1368 2553 1546 2594 luxuriae
1587 2552 1818 2605 deliciisque

204 2607 359 2648 deditus
402 2610 516 2655 esset,
556 2609 598 2649 in
638 2609 779 2651 lectica
809 2610 1140 2658 circumferretur;
1181 2622 1263 2651 rem
1294 2611 1416 2662 igitur
1453 2612 1508 2652 ita
1547 2622 1632 2651 sese
1672 2610 1818 2651 habere

206 2664 400 2705 conclusit
443 2667 592 2706 tantum
637 2666 711 2708 hoo
753 2679 798 2708 cx
837 2667 1036 2714 vocabulo.
1080 2680 1156 2720 quo
1188 2670 1370 2708 Artemon
1410 2679 1435 2708 a
1463 2670 1576 2721 poeta
1605 2668 1818 2716 denotatur,

205 2734 294 2763 nam
325 2720 422 2763 illud
445 2733 613 2773 carmen,
641 2724 683 2765 in
703 2736 778 2778 quo
797 2725 958 2766 lecticae
979 2726 1120 2766 mentio
1142 2727 1296 2766 omnino
1317 2738 1391 2766 non
1422 2725 1495 2766 flt⁵
1509 2723 1560 2778 ¹),
1590 2725 1818 2766 documento

208 2780 245 2820 ei
275 2782 334 2820 est
362 2781 609 2821 Artemonem
639 2784 866 2834 paupertate
896 2784 1059 2835 pristina
1100 2782 1271 2823 solutum
1302 2783 1462 2823 divitem
1493 2794 1577 2824 esse
1606 2782 1751 2823 factum
1782 2785 1820 2823 et

298 2916 358 2959 ⁶1)
384 2916 494 2948 verb·
518 2914 626 2961 ξανΰῇ
652 2911 685 2952 δ’
709 2914 899 2963 Εὐρυπύλῃ
926 2929 952 2951 e.
971 2929 1003 2959 q.
1022 2929 1048 2950 s.
1067 2929 1106 2950 ex
1133 2920 1197 2950 alio
1221 2919 1363 2951 carmine
1387 2923 1519 2959 sumpts
1542 2924 1638 2952 sunt:
1662 2929 1715 2951 res
1731 2921 1819 2951 enim

205 2971 289 3002 quae
315 2967 467 2995 namtur
490 2969 523 2995 et
538 2968 678 2995 metrum
702 2973 831 3004 qnoque
854 2968 931 2996 sunt
955 2965 1053 3006 plane
1081 2965 1234 3004 divers-5
1260 2965 1302 2998 of.
1320 2965 1452 2997 wum.
1475 2965 1568 3006 Isyll.
1589 2966 1652 2999 1⁸⁸
1668 2966 1742 2997 adn.
1765 2968 1818 2999 11.
