2144 3412
369 351 607 414 ἀνήλατος]
639 358 746 399 Euat.
770 357 891 406 1538,
912 358 966 398 50
987 357 1028 409 (e
1058 357 1234 399 Suetonii
1255 355 1358 413 περὶ
1387 356 1678 413 βλασφημιῶν
1706 358 1860 400 libello:

254 415 300 456 ct
330 415 471 464 Miller,
499 415 667 467 Molang.
702 428 743 483 p.
774 415 877 467 419)
920 446 931 457 .
962 445 972 455 .
994 446 1006 456 .
1036 407 1248 468 ἀνήλατος
1291 446 1302 457 .
1334 447 1345 457 .
1376 447 1387 457 .
1417 411 1540 470 παρὰ
1580 408 1861 469 Ἀνακρέοντι

256 471 318 539 φ.
352 472 451 524 140)
481 467 506 513 ὁ
543 466 750 529 ἀπειθης,
790 465 883 514 ἀπὸ
920 466 1181 526 ὑποζυγίων.
1242 473 1304 514 Et.
1332 473 1386 515 M.
1422 473 1513 521 106,
1544 472 1597 514 45
1629 466 1861 529 ἀνήλατος·

255 524 463 585 απειθῆς.
494 523 588 571 ἀπὸ
616 527 707 571 τῶν
735 525 1004 584 ὑποζυγίων·
1036 525 1060 571 ὁ
1089 526 1275 585 μηδέπω
1305 526 1556 584 δαμασθεὶς
1584 524 1610 586 ἢ
1638 525 1861 580 ἐλασθείς.

255 587 396 629 Poetae
436 588 558 640 igitur
595 589 736 638 animo,
774 589 841 640 qui
871 587 1069 628 hominem
1099 589 1294 640 quendam
1334 588 1436 628 dicto
1470 599 1546 628 non
1575 590 1775 640 parentem
1805 589 1863 629 sic

253 644 431 697 appellat,
461 645 688 686 obversatur
716 646 896 698 cogitatio
925 645 1087 686 iumenti
1116 646 1287 686 nondum
1315 645 1481 686 subacti.

370 696 555 757 ἄνητον.]
586 701 684 742 Poll.
707 701 765 743 VI
788 701 868 743 107
896 694 1144 756 Ἀνακρέων
1164 701 1227 770 φ’.
1251 701 1351 755 123)
1371 698 1420 743 δὲ
1452 733 1463 743 .
1477 733 1486 742 .
1500 732 1511 742 .
1533 697 1865 756 στεφανοῦσθαί

255 771 363 814 φησι
407 790 417 799 .
450 790 459 799 .
493 791 502 800 .
532 757 606 800 καὶ
650 752 792 814 ἀνήτῳ
836 752 1025 815 (ἀνὴττῳ
1066 759 1126 800 SF
1165 754 1332 800 ανύττω
1360 758 1424 811 Α),
1467 753 1526 808 ὡς
1567 755 1641 800 καὶ
1688 756 1863 813 Σαπφώ

252 816 314 867 (fr.
355 816 428 867 78)
469 814 544 857 καὶ
579 810 794 865 Ἀλκαῖος
833 816 895 869 (fr.
941 816 1026 884 36).
1081 811 1235 872 ἅνητον
1275 816 1424 858 aeolica
1466 819 1525 857 eat
1561 817 1696 865 forma,
1736 818 1863 858 ionica

250 868 572 972 c’ivvvygovdffler.
602 875 659 914 IV
689 872 774 927 71),
813 875 931 915 attica
968 868 1158 929 ἄννηθον
1198 875 1264 915 Ar.
1294 875 1385 914 nub.
1417 873 1499 914 982
1531 867 1719 928 (ἄνηθον
1747 874 1861 915 libri:

251 943 324 972 em.
392 943 431 972 ιιι
461 963 469 972 .
493 962 500 970 .

364 931 591 1043 ἀστρῖἱβη]
640 987 819 1029 Notionis
859 989 1086 1028 varietatem
1125 988 1379 1040 compositam
1421 987 1542 1028 habes
1585 989 1689 1039 apud
1739 987 1861 1031 Tzotz.

254 1045 355 1086 Chil.
386 1046 441 1087 IX
472 1045 554 1086 847
585 1045 707 1086 hanc:

390 1095 1266 1207 ξβέὲορθῇίιῖῑξ
1409 1095 1629 1157 W...

392 1173 589 1272 ἀιξτράβη
617 1170 773 1272 κλῆισιξν
802 1208 846 1256 δ’
878 1171 1018 1271 garga
1048 1215 1144 1264 τοῖς
1174 1213 1388 1264 παλαιοῖς
1418 1207 1639 1268 ἀνδράσιν,

395 1270 455 1324 ὡς
483 1268 681 1329 ἀστραβῆ
708 1269 783 1314 καὶ
813 1267 970 1326 ’ὄρθιον
998 1269 1074 1314 τὸν
1103 1268 1260 1327 δίφρον
1289 1286 1336 1313 τε
1366 1273 1566 1328 τηροῦσα,

391 1328 466 1373 καὶ
494 1328 570 1372 τὸν
598 1326 767 1387 ἡνίοχον
795 1323 926 1371 αὐτὸν
954 1328 1019 1386 τῷ
1050 1327 1110 1384 μὴ
1139 1325 1518 1385 παρολισθαίνειν.

392 1383 502 1454 ὅπερ
533 1383 575 1457 οξ
605 1383 934 1458 βαρβαρώτεροι
962 1383 1037 1454 καὶ
1066 1381 1296 1455 ἀστραπὴν
1323 1385 1507 1456 καλοῦσι

392 1458 1050 1559 Ξῖἱοῖαὲἔηέαἶῖἔέξῖςῖεἷέἴχῖἔ
1067 1443 1613 1558 τλὲἴοίἶξρὲἷῗῖἕζῖἷέεων

392 1554 512 1610 εἶδος
541 1556 761 1614 τυγχάνειν
791 1554 985 1615 ἅρματος
1014 1556 1186 1614 λέγουσι
1217 1557 1292 1616 τὴν
1320 1553 1492 1616 ἀστράβ
1520 1574 1554 1601 ν.

393 1615 447 1660 σὺ
475 1615 523 1660 δὲ
552 1618 629 1659 τοῦ
658 1614 814 1673 δίφρου
843 1614 893 1659 τὸ
925 1611 1064 1670 ὀρθὸν
1094 1613 1222 1670 ξύλον
1250 1610 1472 1672 ἀστράβην
1539 1614 1550 1628 ’
1575 1630 1608 1658 ε.

389 1669 587 1743 ἀστράβη
615 1673 687 1717 καὶ
717 1670 735 1716 v‘
772 1672 906 1717 σέλλα
936 1672 985 1716 δὲ
1014 1670 1041 1716 ὁ
1051 1689 1074 1725 ς
1101 1669 1298 1730 ἀστραβῆ
1324 1675 1512 1731 τηροῦσα

389 1734 487 1783 τοῖς
516 1747 671 1783 νωτοις
700 1729 1026 1787 ἐγκαθέζεσθαι
1056 1730 1147 1774 τῶν
1175 1731 1334 1773 ἵππων
1363 1729 1441 1774 τὸν
1470 1727 1631 1774 ἱππέα.

251 1790 355 1831 Haec
383 1792 432 1831 ad
462 1792 628 1843 optimos
655 1791 780 1832 fontes
809 1791 936 1831 redire
965 1802 1079 1831 nemo
1109 1791 1279 1842 negabit.
1308 1812 1364 1818 ——-
1394 1790 1454 1831 Et„
1485 1789 1593 1832 Sorb.
1627 1788 1693 1843 (of.
1724 1789 1785 1831 Et.
1804 1790 1857 1832 M.

251 1848 342 1898 159,
366 1849 418 1890 50
441 1848 534 1900 not.)
556 1841 752 1903 ἀστράβη
766 1859 776 1868 ·
808 1878 818 1888 .
841 1879 850 1887 .
872 1879 882 1888 .
903 1843 968 1897 εἷς
992 1840 1286 1902 Ἀνακρέοντα
1315 1842 1488 1902 εὓρηται
1519 1846 1611 1901 (sict
1646 1847 1692 1887 cf.
1713 1846 1857 1889 Philol.

247 1905 311 1946 111
343 1905 446 1957 382)
475 1902 550 1946 καὶ
579 1898 783 1960 ἀστραφη
813 1902 877 1957 (fr.
913 1904 1012 1958 141)
1042 1901 1115 1946 καὶ
1146 1901 1226 1946 ἐπὶ
1255 1897 1484 1958 ὀχῆματος,
1513 1897 1591 1960 ἐφ’
1625 1897 1673 1945 οἷ,
1707 1898 1855 1960 ἀσφα-

252 1960 339 2012 λῶς
367 1958 598 2017 κάθηνται.
628 1962 705 2004 Sed
736 1962 869 2010 forma,
901 1974 1018 2015 quam
1048 1963 1303 2004 Anacreontis
1331 1974 1417 2003 esee
1445 1963 1726 2015 grammaticus
1763 1963 1857 2012 vult,

250 2020 484 2073 etymologia
513 2021 642 2073 potius
682 2022 741 2061 eet
779 2019 958 2060 vocabuli
998 2020 1062 2069 (cf.
1093 2020 1197 2061 enim
1226 2020 1346 2060 verba
1375 2031 1474 2073 quae
1504 2021 1560 2060 ibi
1589 2021 1856 2070 antecedunt);

243 2089 319 2118 non
341 2078 558 2119 errabimus
576 2079 708 2129 igitur,
738 2078 773 2118 si
793 2070 991 2132 ἀστράβη
1011 2077 1175 2118 sormam
1194 2079 1329 2129 poetae
1348 2078 1569 2118 tribuimus.
1598 2077 1855 2127 Vocabulum,

242 2135 291 2175 de
321 2147 437 2176 curm
466 2135 698 2182 adhibitum,
741 2134 806 2176 bio
835 2135 1006 2187 primum
1036 2135 1242 2175 invenitur.
1302 2135 1485 2187 Lignum,
1525 2135 1628 2187 quod
1666 2135 1708 2176 in
1739 2147 1855 2176 curru

243 2195 312 2238 ont.
353 2193 550 2245 significat
593 2194 634 2233 in
679 2193 753 2234 hac
792 2191 979 2243 Hesychii
1023 2192 1155 2244 glossa
1185 2191 1259 2243 (=
1288 2191 1427 2244 fragm.
1456 2193 1592 2244 tragio.
1622 2193 1695 2233 inc.
1729 2192 1854 2245 210):

248 2245 326 2290 ἐπὶ
356 2245 546 2305 στράβης
576 2243 705 2304 ὄχημ’
737 2243 975 2298 ἀκινδύνως
1005 2245 1170 2304 φέρων·
1203 2280 1213 2290 .
1245 2280 1254 2290 .
1288 2280 1297 2290 .
1326 2247 1355 2301 (.
1379 2263 1430 2290 m
1463 2243 1628 2305 στράβη
1658 2281 1668 2290 .
1700 2281 1710 2291 .
1738 2263 1854 2305 χημα

243 2308 346 2348 ood.:
388 2319 461 2348 em.
493 2307 652 2360 Bergk).
683 2300 759 2348 ἐπ’
794 2300 1013 2361 ἀστράβης
1056 2307 1213 2359 quidem
1253 2306 1420 2359 praefert
1457 2305 1619 2348 Pierson
1647 2307 1707 2358 (in
1736 2307 1853 2349 Moer.

243 2377 278 2416 p.
310 2363 393 2414 58),
424 2376 502 2417 qua
530 2366 741 2406 mutatione
771 2376 869 2416 opue
898 2376 975 2405 non
1005 2367 1097 2412 erat,
1137 2375 1227 2405 nam
1268 2369 1422 2416 praeter
1461 2356 1660 2419 ἀστράβη
1689 2364 1852 2407 sormam

243 2417 410 2477 στράβη
453 2433 604 2475 quoque
647 2423 689 2463 in
732 2434 806 2463 usu
852 2423 955 2463 orat:
999 2421 1043 2462 cs.
1075 2421 1167 2462 Hes.
1198 2420 1272 2474 (=
1301 2421 1440 2474 fragm.
1469 2422 1606 2474 tragic.
1642 2422 1716 2463 inc.
1748 2422 1852 2476 239)

242 2475 543 2578 ἰῗιῖᾞρῖηῗές
573 2472 1259 2590 ὅέἓξιζέ”’ἑξὲἔῖἕὸιῗιῖῗῑῖἷῗιῗ3ῑιῗῗζ’
1290 2478 1752 2592 Ἔοῗᾞρῖῗὲῒῗοζῗ
1772 2483 1853 2580 ἕῖἷέ

242 2593 330 2635 τῶν
358 2591 515 2634 ἵππων
535 2549 675 2646 §gaon
705 2585 730 2635 ὃ
750 2593 980 2649 κρατοῦσιν
1001 2588 1040 2635 οἱ
1062 2589 1368 2646 καθεζόμενοι.
1398 2589 1572 2634 τίθεται
1602 2589 1651 2634 δὲ
1679 2590 1755 2636 καὶ
1774 2590 1852 2637 ἐπὶ

244 2651 330 2706 τῶν
359 2644 632 2703 ἀναβατικῶν
662 2646 783 2703 ὄνων,
814 2647 855 2693 οἱ
886 2648 934 2692 δὲ
956 2647 1067 2692 κατὰ
1098 2648 1149 2691 τὸ
1169 2648 1380 2691 πλεῖστον
1399 2647 1480 2704 μὲν
1499 2647 1575 2707 τὴν
1594 2649 1851 2708 σωματηγὸν

250 2703 420 2761 ’μιόνον
449 2702 587 2757 οὕτως
615 2702 785 2762 ἔλεγον·
828 2704 965 2749 ἐνίοτε
996 2705 1044 2749 δὲ
1077 2703 1223 2749 πάντα
1246 2702 1401 2757 ἁπλῶς
1429 2703 1483 2749 τὰ
1515 2709 1850 2764 σωματηγοῦντα

247 2761 463 2818 υποζύγια
502 2759 812 2820 (ὗποζυγοῦντα
855 2768 958 2807 cod.:
997 2767 1094 2807 coni.
1123 2765 1330 2819 Schmidt).
1363 2765 1420 2807 Of.
1450 2765 1494 2806 B.
1524 2767 1569 2807 A.
1599 2765 1620 2807 1
1649 2766 1744 2816 454,
1777 2768 1849 2816 18;

242 2823 350 2864 Euat.
383 2822 504 2870 1625,
534 2822 599 2864 40.
631 2822 839 2864 Helladiue
869 2823 1153 2865 Chrestomath.
1184 2835 1218 2875 p.
1245 2822 1317 2863 16:
1346 2816 1419 2864 ὅτε
1449 2819 1525 2878 τὴν
1552 2818 1742 2893 ἡμίονον,
1771 2818 1846 2880 ἐφ’

245 2871 262 2893 ³
318 2874 549 2934 ὀχούμεθα,
582 2872 738 2934 ἀζύγου
767 2874 846 2922 οῧσ
873 2894 906 2949 ς,
944 2874 1176 2935 Ἀθηναῖοι
1210 2878 1415 2922 καλοῦσιν
1444 2873 1677 2946 ἀστραβην.
1735 2882 1847 2924 Dem.

238 2893 307 2986 ᾖ,
340 2938 420 2978 172
462 2931 538 2978 ἐπ’
587 2930 810 2992 ἀστράβης
840 2895 871 2978 3
930 2931 1159 2991 ὀχούμενος
1197 2933 1246 2989 ἐξ
1281 2930 1523 2994 Ἀργούρας
1551 2951 1631 2995 της
1659 2932 1848 2993 Εὐβοίας
