2144 3412
983 233 1265 276 ..60-

322 358 528 426 §Dianam
549 359 770 423 suspicatur
801 357 1059 399 Wilamowitz
1090 354 1350 400 (δέσποιναν
1379 352 1565 414 θηρῶν)
1596 370 1752 399 caseum
1787 361 1930 410 premit

321 410 626 469 αργειοφόνται
674 408 934 469 (ἀργιφόντα
976 427 1138 467 gramm.
1172 416 1403 468 Hamburgx
1448 415 1563 457 lectio
1602 417 1758 468 quidem
1798 416 1929 462 dubia

322 475 450 512 tamen
482 472 719 512 Mercurium
750 477 854 512 certe
884 474 1096 513 nominavit
1124 475 1265 525 poeta).
1325 473 1476 514 Deinde
1512 475 1552 514 in
1584 473 1644 513 his
1677 474 1932 513 Anacreontis

323 530 451 569 verbis
473 528 678 568 locutionis
708 525 859 582 ἑορτὴν
889 524 1007 582 ἄγειν
1028 531 1334 571 vetustissimum
1357 530 1545 571 habemus
1566 529 1798 597 exemplum
1828 540 1929 596 quae

320 587 423 637 apud
463 588 594 637 poetas
634 587 805 638 tragicos
846 598 920 626 non
963 588 1157 627 invenitur
1200 588 1373 639 (excepto
1403 587 1507 633 Ione,
1547 589 1612 639 qui
1646 583 1690 627 ἑν
1717 580 1929 654 Ὀμφάλη,

321 644 489 693 satyrico
520 643 702 690 dramate,
746 645 840 683 dicit
870 643 933 693 (fr
965 644 1059 694 21):
1091 640 1394 694 e'vtawt'av¹⁸)
1435 640 1516 697 γὰρ
1554 643 1621 684 δεῖ
1651 657 1705 697 με
1734 657 1809 698 τιν
1838 638 1929 697 ἕορ·

322 713 396 753 τνν
426 694 576 752 ἄγειν),
606 701 762 751 saepius
792 706 921 740 autem
952 702 1054 752 apud
1085 701 1321 741 Herodotum
1354 701 1389 742 (Ι
1423 700 1833 748 147.148.183,ῙΙ
1864 699 1932 741 40.

325 730 594 802 48.61.122,
625 757 793 808 11197).
826 761 863 797 et
895 759 998 809 apud
1029 758 1327 810 Aristophanem
1361 758 1533 808 (Thesm.
1554 757 1665 809 835).
1700 757 1755 798 Ex
1776 757 1928 810 vulgari

320 825 497 853 sermone
529 813 623 854 haec
667 826 753 854 esse
785 816 1010 866 deprompta
1050 820 1224 855 constare
1266 816 1363 855 mihi
1394 817 1547 855 videtur
1577 827 1622 855 ex
1655 814 1813 855 Pindari
1843 826 1929 855 car-

321 871 503 916 minibus,
546 872 612 923 qui
643 872 692 910 ad
722 871 831 911 illam
873 884 955 911 rem
986 872 1282 939 significandam
1316 873 1434 912 multo
1465 872 1709 912 sollemniore
1738 872 1932 913 locutione

321 929 453 967 utitur.
485 927 539 968 Of.
561 927 610 969 N.
631 928 686 968 XI
709 928 761 968 27
793 922 1095 996 πενταετηρίδ’
1128 924 1281 983 ἑορτὰν
1301 924 1539 982 (Ηρακλέος
1569 926 1754 995 τέθμιον
1767 923 1931 996 κωμά-

323 996 435 1034 σαις,
467 984 507 1025 Ο.
539 985 595 1025 VI
617 985 670 1025 95
702 979 901 1039 ἀμφέπει
933 982 1151 1039 Δάματρα
1183 982 1428 1027 λειλίππου
1450 1000 1494 1026 τε
1515 982 1733 1039 θυγατρὸς
1762 980 1932 1038 ἑορτάν.

437 1048 721 1106 ἑπιδίνομαι.]
751 1054 926 1094 Medium
956 1056 1059 1106 apud
1081 1055 1293 1096 Homerum
1323 1055 1498 1095 absolute
1530 1056 1684 1106 ponitur
1714 1055 1761 1095 de
1781 1055 1931 1102 avibus,

325 1122 424 1163 quae
454 1110 627 1150 volantes
656 1112 787 1151 orbem
819 1112 1043 1179 describunt
1083 1112 1112 1163 β
1147 1113 1224 1153 150
1264 1105 1367 1153 αλλ’
1400 1107 1471 1152 ὅτε
1501 1110 1554 1166 δὴ
1579 1108 1745 1178 μέσσην
1773 1104 1934 1178 ἀγορὴν

327 1163 585 1222 πολύφημον
615 1162 808 1220 ἱκέσθην,
841 1161 942 1208 ἔνθ’
976 1165 1278 1222 ἐπιδινηθέντε
1308 1143 1577 1223 τιναξάσθην
1607 1165 1747 1223 πτερὰ
1771 1162 1935 1215 utrm&

322 1226 461 1291 deinde
499 1225 688 1293 translate
734 1226 782 1264 de
823 1227 952 1265 animo
992 1230 1138 1266 eertum
1180 1227 1381 1267 consilium
1415 1239 1555 1267 secum
1587 1226 1766 1266 volvente
1796 1240 1819 1266 υ
1850 1199 1935 1266 218⁹

323 1275 459 1335 αὐτὰρ
491 1278 589 1334 ἐμοὶ
620 1277 720 1321 τόδε
754 1281 899 1335 θιμὸς
930 1279 992 1322 ἐνὶ
1024 1279 1233 1324 στίθεσσι
1266 1280 1459 1339 φίλοισιν
1490 1277 1624 1324 πόλλ’
1657 1278 1932 1324 ἐπιδινεῖται.

322 1341 524 1380 Anacreon
547 1345 676 1379 autem
698 1341 820 1379 utitur
850 1341 896 1379 de
917 1341 1074 1383 amanti
1106 1341 1174 1392 qui
1195 1343 1342 1381 circum
1364 1341 1537 1393 puellam
1569 1343 1736 1381 amatam
1757 1343 1936 1381 versatur

323 1396 386 1447 (fr.
423 1397 471 1436 12
488 1398 552 1447 b)
584 1391 832 1451 Λευκίππῃ
862 1390 905 1436 δ’
940 1392 1167 1438 ε’πιδίνεαι.

437 1459 757 1516 ἐπιμαίνομαι.]
816 1464 944 1505 Semel
985 1469 1134 1506 tantum
1167 1467 1269 1518 apud
1303 1466 1515 1506 Homerum
1548 1469 1680 1511 exstat,
1710 1436 1844 1517 ibique
1873 1465 1934 1505 in-

321 1523 496 1562 finitivus
516 1522 718 1561 subicitur.
749 1524 790 1562 Z
819 1522 898 1562 160
929 1523 990 1576 τιιΐι
1011 1519 1060 1563 δὲ
1087 1519 1187 1576 γυνὴ
1207 1519 1401 1578 Προίτου
1421 1518 1664 1577 ἐπεμήνατο
1684 1517 1933 1577 κρυπταδίῃ

324 1577 523 1634 φιλότητι
555 1574 797 1631 μιγίμεναι.
858 1582 1060 1620 Anacreon
1100 1585 1227 1620 autem
1270 1593 1358 1620 cum
1390 1581 1518 1620 dativo
1551 1583 1700 1620 tantum
1730 1580 1935 1630 coniungit

325 1637 389 1687 (fr.
423 1636 458 1683 3,
492 1637 552 1685 2):
596 1610 857 1691 Κλεοβούλιυ
890 1630 934 1676 δ’
968 1633 1269 1705 ἐπιμαίνομαι,
1304 1639 1515 1690 eodemque
1547 1638 1660 1677 modo
1691 1636 1830 1677 Aesch.
1860 1638 1933 1688 Ag.

331 1693 440 1734 1381
464 1691 690 1748 φονολιβεῖ
711 1690 816 1762 τύχᾳ
837 1691 948 1763 φρὴν
971 1690 1262 1763 ἐπιμαίνεται,
1293 1697 1357 1735 Ar.
1379 1707 1482 1746 vesp.
1506 1694 1598 1734 744.
1626 1694 1746 1742 1469,
1780 1692 1934 1734 Gallim

330 1751 368 1791 h.
400 1751 482 1791 Cer.
515 1751 566 1790 29
612 1749 700 1790 θεὰ
746 1745 791 1791 δ’
838 1747 1098 1818 ἕπεμαίνετο
1140 1748 1277 1805 χώριιιι,
1325 1752 1442 1793 Leon.
1483 1751 1566 1791 Tar.
1607 1753 1651 1791 A.
1691 1750 1731 1791 P.
1764 1750 1820 1790 VI
1851 1749 1936 1790 309

324 1802 611 1861 ἀστραγάλας,
642 1799 715 1856 αἷς
745 1803 877 1848 πόλλ’
915 1804 1172 1865 ἐπεμήνατο,
1204 1809 1259 1849 IX
1280 1809 1361 1849 345
1394 1804 1537 1859 παιδί,
1569 1811 1606 1848 et
1637 1809 1806 1860 saepius.
1835 1807 1934 1848 Item

327 1867 443 1906 verbo
474 1877 625 1917 quoque
646 1866 814 1917 simplici
835 1871 947 1918 poeta
969 1868 1088 1907 utitur
1107 1868 1154 1907 de
1175 1869 1317 1906 amoris
1338 1867 1466 1907 furore
1488 1866 1594 1906 verbi
1625 1862 1736 1921 ἐρᾶν,
1766 1876 1935 1931 quocum

325 1924 594 1974 coniungitur,
636 1924 906 1990 gradationem
949 1925 1176 1975 exprimenti
1222 1925 1281 1971 (fr.
1314 1924 1406 1969 89):
1450 1920 1534 1978 ἐρῶ
1580 1935 1626 1963 τε
1670 1920 1788 1963 δεῦτε
1831 1915 1939 1962 κούκ

328 1977 423 2035 ἐρῶ,
465 1977 539 2020 καὶ
579 1975 792 2048 μαίνομαι
834 1974 910 2020 κού
946 1977 1177 2047 μαίνομαι;
1221 1982 1433 2033 eodemque
1477 1981 1588 2020 modo
1618 1983 1656 2020 et
1695 1980 1937 2020 substantivo

326 2038 389 2088 (fr
413 2038 508 2087 46):
539 2029 810 2103 ἆστραγοίλαι
833 2031 876 2078 δ’
896 2034 1082 2105 ’Ἑρωτος
1112 2050 1222 2079 εισιν
1250 2034 1404 2106 μανίαι
1432 2051 1478 2078 τε
1506 2034 1579 2078 καὶ
1608 2032 1823 2104 κιδοιμοί.
1879 2035 1939 2076 Of.

330 2095 437 2147 lbyc
467 2095 511 2134 fr.
546 2095 580 2141 1,
602 2094 625 2134 9
648 2089 808 2147 Ἔρος.
866 2089 1044 2150 ,ᾄσσων
1073 2093 1195 2161 παρὰ
1216 2091 1446 2164 Κύπριδος
1477 2087 1681 2146 ἀζαλέαις
1709 2090 1935 2147 μανίαισιν

416 2147 696 2219 ,ἐγκρατέως
740 2126 961 2193 παιδδθεν
1015 2148 1225 2207 φυλάσσει
1262 2148 1484 2219 νμετέρας
1532 2148 1717 2205 φρένας,
1766 2150 1935 2201 Theogn.

326 2183 441 2249 ‘12‘31
474 2202 636 2275 σχέτλι’
656 2203 803 2261 Ἔρως,
837 2206 1007 2250 ῙΡΙανίαι
1040 2222 1087 2249 σε
1117 2205 1405 2264 τιθηνήσαντο
1435 2208 1659 2261 λαβοῖᾋσαι
1691 2231 1748 2236 -
1789 2207 1939 2259 Sapph.

330 2267 449 2315 1,17
479 2259 598 2306 κόττ)
633 2263 723 2321 ὲμιιῖι
752 2262 945 2319 μάλιστα
980 2263 1100 2307 θέλω
1130 2237 1335 2320 γενέσθαι
1364 2263 1552 2321 μαινόλᾳ
1584 2266 1724 2321 θυμῷ.

441 2330 693 2401 ἐπίστιος]ο
732 2335 871 2376 Athen.
902 2335 936 2374 X
967 2335 1095 2375 446f:
1170 2368 1178 2375 .
1211 2366 1220 2374 .
1252 2331 1325 2375 καὶ
1357 2332 1408 2375 σὺ
1440 2327 1523 2383 οὗν,
1554 2327 1588 2374 ὦ
1619 2328 1778 2400 ἑταῖρε,
1822 2329 1936 2372 κατὰ

327 2388 402 2432 τὸν
431 2387 626 2443 ἶΑλεξιν,
670 2405 718 2440 ος
749 2388 794 2432 ἐν
812 2388 1039 2460 Διδίμοις
1061 2367 1211 2459 φησίν·
1244 2388 1402 2446 (τούτω
1433 2385 1647 2443 πρόπιθ’,
1678 2390 1750 2431 ι’να
1780 2383 1942 2438 καιτὸς

326 2443 476 2517 ἄλλῳ),
509 2447 584 2489 καὶ
603 2446 773 2515 γένηται
806 2445 830 2505 ἡ
861 2443 973 2503 παρ)
985 2443 1283 2517 Ἀνακρέοντι
1303 2447 1541 2515 καλοιμένι
1574 2445 1795 2497 ἐπίστιος
1826 2444 1936 2502 φησὶ

327 2519 408 2561 γαρ
441 2522 463 2546 ο
494 2502 735 2559 μελοποιός
766 2507 830 2557 (fr
861 2507 952 2556 90):
985 2500 1109 2561 ζ’μηδ
1156 2502 1266 2547 ὥστε
1306 2508 1419 2560 κῦιια
1460 2502 1640 2546 πόντιον
1680 2501 1854 2556 λάλαζε,
1883 2503 1937 2558 τῇ

422 2663 477 2700 18)
499 2666 559 2695 Ion
585 2666 661 2704 quia
687 2666 747 2696 hoc
771 2667 845 2696 loco
871 2667 957 2696 diem
983 2666 1101 2696 festum
1126 2665 1389 2696 anniversarium
1424 2666 1471 2695 sic
1504 2665 1682 2704 praedicat
1716 2663 1853 2703 opponit
1877 2662 1934 2693 alii

329 2715 498 2741 menstruo
523 2713 629 2750 spati›
664 2712 814 2750 repetito.
864 2712 943 2742 Eius
967 2712 1067 2750 igitur
1091 2718 1237 2750 tempore
1261 2716 1397 2749 uterque
1421 2712 1489 2741 dies
1514 2712 1618 2741 festus
1652 2710 1759 2740 adhuc
1791 2708 1939 2740 celebr·-

330 2757 435 2787 bstur.
483 2756 686 2796 Quibuscum
711 2758 754 2789 cs.
780 2758 884 2789 schol.
910 2760 968 2789 Ar.
995 2758 1080 2788 Piut.
1110 2758 1215 2788 1126:
1239 2768 1261 2798 η
1287 2754 1408 2797 τετράς
1433 2754 1603 2797 ἐνομίζετο
1626 2754 1684 2788 τοῦ
1708 2750 1852 2796 Ἑρμοῦ.
1876 2749 1939 2786 καὶ

329 2796 408 2833 >taff
434 2799 573 2835 ἕκαστον
598 2801 689 2842 μῆνα
713 2800 823 2857 ταύτῃ
849 2802 893 2845 τῆ
919 2800 1034 2856 ημέρα
1058 2798 1256 2835 ἀπετίξιεντο
1278 2800 1327 2845 τῷ
1352 2799 1478 2845 Ἑρμῇ
1514 2799 1579 2840 ἔξω
1603 2800 1669 2833 τῶν
1703 2798 1826 2841 ἑορτῶν
1847 2796 1940 2839 ἱεραί

327 2857 414 2884 τινες
439 2845 496 2879 τοῦ
522 2845 629 2888 μηνὸς
652 2844 781 2889 ημέραι
804 2847 991 2889 νομίζονται
1014 2838 1185 2889 Δῧηνησι
1209 2847 1300 2884 θεοῖς
1324 2846 1420 2883 τισίν,
1443 2845 1507 2880 οἷον
1531 2845 1693 2888 νουμηνία
1718 2843 1777 2878 καὶ
1802 2841 1938 2887 ἑβδόμη

327 2887 526 2929 Ἀπόλλωνι,
559 2890 679 2934 τετρὰς
712 2890 829 2937 Ἑρμῇ
865 2892 924 2927 καὶ
957 2890 1064 2935 ὀγδόη
1098 2892 1214 2935 Θησεῖ
1234 2910 1287 2923 .-
1318 2894 1396 2924 Uter
1420 2903 1491 2924 mos
1516 2894 1612 2924 suerit
1635 2893 1795 2922 vetustior
1826 2890 1939 2921 docuit

329 2938 565 2978 Wilamowitz,
591 2939 711 2969 homer.
741 2941 870 2972 Unters.
896 2951 926 2979 p
953 2941 1031 2971 247.
