2144 3412
272 391 392 442 atque
423 391 502 430 tres
530 389 633 430 locos
663 390 785 437 affert,
830 389 973 456 quibus
1013 385 1230 440 κελέβειον
1270 388 1386 441 (haec
1428 388 1551 427 forma
1578 388 1682 440 apud
1714 399 1803 428 eum
1836 390 1894 428 in-

274 447 447 498 venitur)
477 447 620 487 dieitur
649 448 696 487 de
725 458 829 495 vase,
869 447 914 487 in
945 458 1020 498 quo
1050 446 1130 486 mel
1161 447 1410 486 conservatur
1440 444 1567 495 (velut
1594 444 1639 485 fr.
1674 444 1725 485 19
1743 444 1826 498 Ki),
1858 450 1896 486 et

272 505 321 545 de
351 503 489 556 poculo
521 503 660 554 (1r.18
691 497 944 572 ἀμφίθετον
973 499 1201 555 κελέβειον,
1234 505 1272 543 et
1294 503 1346 543 17
1374 497 1532 555 χρύσεα
1562 498 1795 556 δέπαστρα
1817 499 1896 543 καὶ

269 554 495 615 ἀσκηθέος
540 557 756 612 κελέβειον
799 556 1009 629 ἔμπλειον
1051 556 1260 628 μέλιτος).
1319 559 1517 600 Postremo
1559 559 1689 600 reddit
1733 572 1898 600 versum

274 618 469 659 Theocriti
509 617 684 667 (Pharm.
717 618 780 671 2):
827 614 995 672 στέψον
1034 614 1115 658 τάν
1154 614 1335 669 κελέβαν
1373 612 1580 671 φοινικέῳ
1621 611 1715 665 οἷὸς
1745 610 1895 671 tininga

271 676 341 716 ubi
370 674 551 743 poculum
577 676 795 743 signifieat;
841 677 935 716 item
966 674 1200 726 Euphorion.
1231 675 1274 715 fr.
1307 674 1331 715 6
1362 674 1413 714 M.
1443 674 1546 726 apud
1576 673 1696 714 sohel.
1725 649 1895 717 Theoefr

274 732 301 799 ¹3
333 745 383 773 e.:
415 726 537 782 ὅστις
568 728 672 785 ἐμτν
702 729 878 788 κελέβην
901 726 1040 784 ’Λλυβ
1068 728 1141 772 ι’ὄα
1169 731 1329 785 μοῦνον
1357 724 1532 786 ἀπηύρα
1564 727 1781 798 (τουτέστι
1811 745 1891 787 ττν

275 783 483 843 ἀργιρᾶν;
534 790 579 830 es.
624 756 756 857 §toph
785 789 892 858 Byz.
929 802 960 831 s.
994 747 1198 844 {2131'1'131ffl
1239 789 1333 829 ibid.
1367 788 1411 828 tr.
1449 788 1503 828 72
1537 787 1611 828 M.:
1660 781 1709 843 ἠέ
1748 791 1893 830 ποθεν

275 846 488 900 ποταμῶν
516 844 672 904 κελέβῃ
700 842 941 902 απνφυσας
969 840 1084 900 ὕδωρ
1125 848 1172 887 de
1212 857 1325 886 urceo
1356 846 1507 886 dieitur.
1550 868 1602 873 —-
1644 845 1891 887 Vocabulum

275 916 368 945 num
408 916 593 956 graecum
636 906 689 945 sit
718 906 929 945 incertum:
970 916 1056 944 eum
1099 915 1189 944 voee
1228 903 1412 943 hebraica
1443 894 1598 943 ‘'keleb
1631 901 1708 953 (=
1737 904 1890 955 gerass)

276 961 423 1002 confert
451 962 501 1003 H.
533 962 564 1002 Ι
553 973 650 1014 evy,
680 963 743 1002 die
772 962 899 1002 semit.
930 960 1213 1001 Fremdworter
1240 961 1296 999 im
1325 959 1470 1011 grieeh.
1500 972 1535 1011 p.
1569 958 1661 1000 104.

392 1014 585 1070 κερόεις.]
627 1019 786 1060 Praeter
813 1020 1094 1058 Anacreontem
1127 1017 1189 1070 (fr.
1221 1016 1288 1063 51,
1319 1017 1343 1056 2
1374 1012 1648 1070 κεροέσσης.
1682 1013 1888 1085 ,μητρός

279 1088 333 1116 so.
365 1076 540 1117 hinnulei
563 1074 715 1143 matris)
747 1074 933 1116 vocabulo
963 1076 1024 1114 usi
1045 1076 1135 1114 sunt
1155 1073 1365 1140 Sophocles
1386 1072 1448 1126 (fr
1470 1072 1561 1125 86)·
1593 1070 1730 1126 νομὰς
1750 1071 1799 1115 δέ
1818 1089 1886 1123 τις

277 1126 479 1200 κεροῦσσ’
519 1127 605 1174 ἀπ’
648 1127 815 1185 ὀρθίων
856 1126 1008 1199 πάγων
1045 1131 1297 1198 καθεῖρπεν
1319 1124 1496 1198 ἔλαφος,
1529 1131 1566 1171 et
1596 1130 1807 1197 Euripides
1837 1127 1884 1172 ἐν

277 1188 329 1246 τῇ
355 1183 595 1258 Ἰφιγενείᾳ
611 1188 672 1244 (fr.
703 1189 825 1257 85¹0·
861 1183 1035 1256 ἔλαφον
1058 1182 1102 1229 δ’
1129 1181 1324 1239 Ἀχαιῶν
1351 1184 1498 1255 χερσὶν
1527 1182 1703 1243 ἐνθήσω
1733 1184 1886 1243 φίλαις

279 1259 527 1299 κερουσσαν,
569 1261 620 1303 ην
659 1241 902 1301 σφάζοντες
931 1238 1163 1300 αὖχίσουσι
1195 1242 1274 1312 σὴν
1303 1241 1503 1313 σφάζειν
1516 1219 1750 1299 θυγατέρα.

393 1300 684 1374 κίβδηλος]
683 1304 774 1344 Hes.
813 1301 1149 1373 κιβδῃλιῶντας·
1194 1295 1369 1356 ὠχρούς,
1417 1297 1506 1344 ὑπὸ
1547 1301 1624 1357 τῆς
1656 1298 1895 1372 κιβδήλεως

280 1357 624 1431 ἐνοχλουμένους.
666 1356 759 1403 ἔστι
802 1357 850 1402 δὲ
890 1359 1088 1416 κιβδηλις
1116 1375 1162 1401 εν
1202 1360 1299 1409 τοῖς
1327 1355 1561 1414 ιιετᾶλλοις
1592 1356 1773 1414 σκωρία,
1805 1354 1892 1416 αφ’

279 1410 362 1488 ἷζς
369 1419 459 1460 πᾶν
500 1416 666 1474 φαῦλον
707 1414 923 1473 κίβδηλον,
967 1413 1203 1473 μοχθηρόν,
1250 1399 1456 1473 φλαῦρον,
1506 1415 1696 1471 ψεῦσμα,
1742 1413 1890 1470 νόθον,

279 1471 424 1530 aucha!
425 1489 502 1518 ιον.
563 1476 804 1517 Vocabulum
845 1479 947 1517 reete
988 1477 1042 1517 ibi
1083 1476 1285 1516 definitum
1328 1479 1397 1524 est,
1436 1487 1562 1528 neque
1593 1476 1767 1524 dubium,
1797 1477 1892 1529 quin

282 1491 486 1588 κίβδηλος
515 1535 684 1586 genuine
729 1535 875 1574 dictum
920 1534 972 1574 sit
1015 1534 1062 1574 de
1103 1532 1285 1580 metallis,
1329 1544 1428 1585 quae
1469 1544 1494 1573 a
1534 1533 1658 1574 scoria
1687 1545 1763 1573 non
1794 1533 1893 1575 bene

281 1595 448 1644 purgata
490 1594 591 1638 sunt,
631 1591 774 1644 quibus
815 1592 941 1632 sooria
980 1591 1150 1631 admixta
1194 1587 1348 1642 est⁴⁶).
1406 1589 1579 1659 Theogn.
1614 1590 1692 1631 119
1732 1592 1893 1660 χρυσοῦ

282 1646 517 1717 κιβόίλοιο,
550 1649 639 1689 Eur.
660 1648 760 1688 Med.
784 1648 864 1689 516
896 1640 931 1688 ὦ
961 1648 1056 1699 Ζεῦ,
1088 1643 1133 1688 τί
1161 1644 1214 1704 δὴ
1239 1645 1398 1700 χρυσοῦ
1427 1643 1508 1701 μὲν
1537 1641 1587 1697 ὃς
1616 1640 1874 1702 κίβδηλος
1850 1663 1889 1705 ῃ,

280 1702 453 1759 τεκμήρι
524 1699 832 1759 ἀνθρώποισιν
874 1698 1060 1754 ιόπασας
1104 1705 1244 1762 σαφῆ,
1304 1703 1456 1745 Deinde
1499 1704 1688 1746 translata
1733 1717 1821 1746 eum
1853 1708 1890 1746 vi

273 1767 521 1889 ῗῗῆἳιῗές
523 1764 589 1861 Ἲῖι
610 1762 1298 1888 ἓ8ῗέἒωποὲἒῗὲ“’ἓοίῗῗῖρἑᾚὲῗ
1303 1762 1550 1862 ιπῗέἱὲῗτῒ»
1564 1758 1892 1876 ’ἐξοὲιέζςῖἶῇἓξ

274 1873 529 1933 κρύπτοισζ
581 1873 808 1931 ἐνθέμενοι
853 1874 997 1932 θυμὸν
1039 1873 1286 1946 ἐφημέριον.
1344 1880 1484 1918 Anaer.
1530 1875 1592 1931 (fr.
1624 1877 1690 1924 21,
1724 1876 1782 1929 6),
1822 1879 1889 1919 ubi

274 1939 386 1988 poeta
417 1937 464 1976 de
493 1938 700 1976 Artemone
729 1935 827 1976 haee
857 1936 971 1976 dicit:
1001 1929 1208 1989 κίβδηλον
1236 1929 1446 2003 ευρίσκων
1473 1930 1585 2001 βί.ον
1643 1934 1754 1977 Pind.
1784 1937 1890 1987 apud

274 1993 413 2034 Athen.
444 1993 498 2034 XI
520 1992 659 2034 467b:
692 1990 797 2059 πρὶν
826 1989 905 2043 μὲν
934 1985 1046 2048 ἧρπε
1077 1988 1365 2043 σχοινοτένειά
1394 1985 1437 2032 τ’
1469 1985 1599 2033 ἀοιδοὶ
1629 1988 1703 2032 καὶ
1733 1989 1783 2033 τὸ
1804 1990 1887 2033 σὰν

275 2045 480 2105 κίβδηλον
509 2044 600 2090 ἀπὸ
624 2045 863 2103 στομάτων,
898 2050 935 2090 h.
966 2061 996 2090 e.
1029 2061 1205 2102 pravum.
1237 2049 1460 2091 Boeokhius
1492 2049 1558 2100 (ef.
1589 2049 1688 2097 112,
1720 2062 1754 2102 p.
1787 2050 1889 2102 582)

274 2109 439 2149 eonieeit
479 2107 690 2147 Pindarum
732 2107 828 2147 haee
868 2108 1013 2148 dixisse
1053 2109 1182 2147 eontra
1222 2107 1367 2148 Lasum
1399 2107 1732 2155 Heu-mononem,
1773 2119 1888 2159 quem

274 2165 359 2217 ipse
402 2165 569 2206 Athenis
612 2165 774 2206 audivit.
834 2163 1039 2205 Praeterea
1086 2164 1132 2205 cf.
1163 2163 1255 2204 Eur.
1287 2165 1405 2217 Hipp.
1437 2164 1518 2204 616
1561 2157 1595 2204 ὥ
1626 2163 1721 2214 Ζεῦ,
1764 2160 1809 2205 τί
1838 2161 1886 2205 δι’

277 2218 482 2277 κίβδηλον
518 2216 782 2289 ανθρώποις
819 2219 953 2262 κακὸν
991 2222 1196 2289 γιναῒκας
1234 2217 1280 2271 ἐς
1319 2234 1414 2289 φως
1458 2215 1578 2277 νλίοι
1618 2216 1888 2290 κατῴκισας,

274 2279 332 2320 ΕΙ.
365 2280 446 2321 550
479 2272 579 2320 ἀλλ’
613 2272 796 2331 εὐγενεῖς
824 2275 914 2333 μέν,
945 2275 991 2319 ἐν
1021 2275 1069 2319 δε
1094 2273 1270 2333 κιβδήλιιι
1249 2294 1283 2318 ω
1313 2275 1436 2319 τόδε·
1468 2256 1630 2319 πολλοὶ
1659 2276 1741 2332 γὰρ
1761 2273 1885 2328 ὄντες

274 2330 457 2390 ει’.·’γειεῖς
502 2332 614 2378 εἰσιν
652 2333 792 2377 κακοί.
852 2338 978 2390 Atque
1020 2337 1060 2376 in
1105 2348 1218 2388 prosa
1262 2349 1415 2389 quoque
1458 2337 1630 2376 oratione
1675 2348 1764 2377 eum
1812 2336 1888 2378 hae

275 2396 427 2435 notione
457 2396 590 2435 exstat.
650 2394 740 2435 Her.
771 2395 791 2435 Ι
823 2393 876 2434 66
905 2391 1084 2448 χρησμῷ
1114 2388 1306 2449 κιβδιῗλιι
1338 2394 1395 2447 (Ιι.
1425 2405 1456 2434 e.
1487 2394 1693 2446 ambiguo:
1724 2394 1770 2434 ef.
1801 2394 1888 2445 75),

275 2454 314 2493 et
342 2450 452 2492 Plato
482 2453 638 2519 saepius
670 2463 713 2491 eo
743 2453 800 2492 sic·-
831 2452 954 2492 utitur
983 2450 1050 2499 (ef.
1082 2450 1288 2502 Ruhnken,
1318 2451 1532 2492 Timaeus²
1541 2462 1616 2503 .p.
1652 2449 1759 2500 133).

390 2504 541 2565 κνιζτᾟ
583 2508 643 2549 Et.
673 2509 723 2549 M.
756 2508 849 2557 523,
881 2509 926 2548 4·
965 2506 1016 2549 τὸ
1046 2505 1095 2548 δέ
1124 2504 1266 2559 κνύζα,
1308 2503 1368 2558 ὡς
1406 2505 1517 2561 λέγει
1538 2503 1819 2560 “Ηρωδιανός,
1849 2503 1887 2550 εἰ

274 2562 356 2633 μὲν
386 2562 464 2607 ἐπὶ
493 2566 567 2608 τοῦ·
599 2563 751 2621 φυτοῦ,
755 2562 977 2636 συγκοπή
1005 2561 1111 2615 ἐστι,
1145 2597 1153 2606 .
1186 2597 1194 2605 .
1228 2597 1237 2606 .
1269 2561 1306 2606 εἰ
1337 2562 1387 2606 δὲ
1416 2562 1493 2606 ἐπὶ
1523 2565 1598 2606 τοῦ
1606 2568 1886 2633 παρεφθαρ-

276 2619 407 2691 μένου
438 2620 509 2664 καὶ
534 2620 849 2693 ἐρρυσωμένου,
895 2637 943 2665 ου
968 2620 1176 2690 συγκοπή
1205 2619 1334 2674 ἐστιν,
1383 2615 1484 2663 ἀλλ’
1527 2615 1619 2663 ἀπὸ
1649 2623 1724 2663 τοῦ·
1755 2618 1885 2663 meim-

276 2674 362 2735 ἀφ’
393 2694 442 2721 ου
471 2694 544 2721 κνι
548 2694 597 2730 ος
627 2676 651 2735 ἦ
680 2675 888 2750 φθορά..
962 2676 1162 2747 .’γινεται
1194 2676 1338 2731 κνύζα
1368 2675 1427 2729 ὡς
1459 2676 1579 2749 παρὰ
1604 2673 1885 2751 Ἀνακρέοντι

276 2734 322 2777 έν
352 2733 498 2806 ια’μβῳ
530 2738 594 2788 (fr.
625 2738 715 2789 87)·
753 2733 902 2793 ’κνύζη
946 2752 1012 2787 τις
1056 2732 1132 2793 ήδη
1172 2734 1243 2778 καὶ
1275 2733 1468 2792 πέπειρα
1496 2749 1668 2791 γινομαι
1700 2735 1779 2794 σὴν
1808 2735 1883 2779 δια

273 2789 575 2850 μαργοσύνινῖ
634 2795 709 2837 Sed
749 2807 795 2837 ea
837 2795 1016 2836 voeabuli
1058 2796 1191 2843 forma,
1231 2807 1348 2848 quam
1390 2795 1630 2848 etymologus
1660 2796 1788 2844 tradit,
1820 2795 1884 2836 hio

364 2932 421 2974 48)
445 2931 494 2964 cs.
522 2931 604 2964 90¹¹.
632 2931 690 2963 vu
716 2934 779 2974 ⁹9⁴:
806 2928 867 2974 τήν
892 2929 931 2966 δὲ
956 2930 1104 2972 σκωρίαν
1138 2930 1196 2964 καὶ
1232 2929 1347 2975 κίβδον
1381 2927 1560 2970 ἐκάλεσαν,
1594 2926 1655 2974 ἀφ’
1688 2942 1732 2974 ης
1769 2930 1827 2965 καὶ
1853 2930 1884 2964 οἱ

273 2977 447 3018 μεταλλεῖς
474 2976 637 3021 afflato-ez:
