2144 3412
837 953 987 1010 Caput
1015 954 1254 1009 quartum.

795 1060 870 1106 De
904 1058 1299 1121 epigrammatis,

362 1197 665 1250 Epigrammatis
697 1198 741 1238 A.
771 1196 813 1236 P.
843 1195 899 1236 VI
942 1195 1164 1236 134—-145
1202 1196 1379 1236 additum
1421 1198 1480 1236 est
1517 1207 1657 1236 nomen
1687 1198 1855 1237 auctoris

249 1274 313 1320 ita,
346 1274 390 1312 nt
417 1272 828 1324 primo-apponeretur
853 1282 876 1310 a
915 1270 1042 1310 scriba
1072 1272 1105 1310 A
1137 1270 1282 1310 codicis
1311 1269 1492 1318 Palatini,
1534 1272 1739 1322 repetitum
1770 1283 1794 1311 a
1824 1271 1853 1312 G

246 1347 287 1387 in
317 1347 505 1398 margine,
534 1344 696 1398 reliquie
732 1344 808 1384 τοῦ
839 1337 968 1385 αὐτοῦ
998 1345 1046 1384 ab
1067 1348 1112 1391 A,
1143 1345 1245 1396 quod
1267 1345 1456 1385 omissum
1478 1345 1518 1384 in
1546 1344 1626 1385 137
1647 1345 1855 1398 supplevit,

246 1421 286 1461 in
321 1420 399 1461 145
430 1419 528 1461 falso
562 1420 703 1460 adiecit
730 1418 774 1460 C.

359 1497 404 1535 Δ.
435 1493 477 1535 Ρ.
507 1494 565 1535 VI
598 1493 678 1534 134
710 1494 785 1544 (=
817 1492 897 1534 108
927 1493 1003 1542 Β.).

363 1569 410 1610 In
452 1569 621 1610 feminae
666 1569 824 1621 quidem
868 1569 1023 1608 nomine
1058 1561 1365 1619 Ἕλικωνιιίςί)
1410 1567 1604 1609 offendere
1646 1580 1722 1609 non
1764 1569 1856 1609 lieet

248 1643 410 1684 Ionibus
439 1644 592 1694 usitato,
622 1644 689 1695 qui
719 1641 891 1695 Neptuni
922 1641 1117 1682 Heliconii
1147 1653 1290 1682 numen
1321 1642 1494 1682 omnium
1524 1644 1692 1683 maxime
1724 1642 1855 1684 colunt

247 1717 357 1767 (Her.
386 1718 407 1758 I
441 1716 553 1769 148),
581 1718 712 1757 tamen
741 1717 972 1757 Anacreonti
1004 1717 1067 1756 vix
1107 1716 1228 1756 tribui
1267 1716 1415 1768 poterit.
1474 1716 1609 1758 'Potum
1641 1718 1744 1758 enim
1775 1719 1855 1769 epi-

246 1803 423 1844 gramma
452 1791 554 1832 nihil
583 1791 692 1832 aliud
714 1793 772 1832 eet
792 1791 870 1831 nisi
891 1791 1099 1843 descriptio
1120 1789 1279 1831 tabulae
1309 1791 1436 1842 pictae
1457 1790 1611 1832 Baccho
1643 1792 1852 1840 dedicatae,

246 1867 287 1907 in
316 1877 395 1920 qua
423 1866 591 1907 feminae
620 1866 691 1907 deo
721 1877 832 1906 sacra
860 1866 1028 1906 ferentes
1057 1864 1182 1906 factae
1213 1865 1332 1906 erant.

363 1940 444 1982 135
477 1943 547 1990 (=
581 1940 660 1981 102
691 1940 767 1993 Β.).

361 2014 445 2056 Hoc
473 2026 627 2068 quoque
655 2015 887 2055 Anacreonti
915 2015 1036 2055 tribui
1066 2026 1141 2055 non
1161 2016 1296 2067 potest.
1339 2012 1443 2055 Nam
1474 2026 1564 2056 eum
1591 2017 1705 2068 poeta
1724 2017 1855 2057 dorica

246 2089 409 2132 dialecto
439 2101 535 2131 naue
564 2101 641 2131 non
679 2090 741 2138 sit,
771 2090 931 2130 restitue
961 2089 1103 2130 formae
1133 2090 1301 2130 ionicae:
1331 2100 1407 2130 non
1436 2090 1592 2141 poteris.
1651 2090 1854 2132 Genuinae

246 2165 370 2218 igitur
397 2165 452 2206 ibi
483 2167 574 2206 eunt
602 2164 747 2206 formae
777 2165 942 2207 doricae.
1001 2164 1120 2206 Recte
1150 2166 1279 2205 autem
1309 2163 1544 2205 iudicavisse
1573 2164 1672 2205 mihi
1703 2165 1855 2205 videtur

245 2238 507 2281 Reitzenstein
537 2238 786 2294 (Epigramm
815 2251 853 2281 u.
873 2238 1034 2280 Skolion
1063 2251 1099 2292 p.
1124 2237 1234 2291 107),
1265 2249 1355 2279 cum
1385 2239 1627 2291 epigramma
1655 2242 1851 2280 vetustum

249 2326 336 2356 eme
365 2315 485 2367 putat
527 2314 640 2356 Certe
669 2315 769 2355 redit
797 2315 846 2355 ad
876 2315 1044 2355 statuam
1074 2313 1197 2362 illam,
1229 2314 1342 2354 cuius
1371 2312 1587 2354 Pausaniae
1615 2314 1851 2355 mentionem

247 2387 342 2430 facit
371 2387 424 2442 (V
425 2388 444 2430 1
467 2388 532 2437 18,
554 2388 611 2442 9),
640 2400 765 2442 neque
785 2389 938 2430 obstare
957 2388 1051 2429 huic
1071 2389 1284 2429 sententiae
1306 2387 1470 2437 videtur,
1500 2388 1604 2441 quod
1632 2390 1851 2441 periegetee

249 2462 533 2505 Corinthiaeam
562 2463 610 2504 de
639 2462 830 2504 Pheidola
858 2464 1086 2504 memoriam
1115 2464 1271 2504 secutus
1301 2473 1439 2515 equam
1468 2463 1589 2505 fuisse
1620 2465 1723 2505 dicit.

364 2537 444 2579 136
475 2537 550 2589 (=--
581 2537 661 2579 109
690 2538 765 2589 Β.).

363 2612 424 2653 De
453 2614 561 2654 veete
590 2614 674 2665 agit
702 2613 797 2654 deae
828 2613 984 2653 cuidam
1014 2613 1248 2661 consecrata,
1278 2612 1391 2653 cuiue
1420 2613 1599 2653 ornatum
1628 2612 1851 2655 faciendum

247 2687 410 2741 Dyseria
439 2688 671 2740 excogitavit
699 2689 738 2728 et
765 2687 1022 2734 Praxidieam,
1061 2698 1160 2739 quae
1196 2699 1285 2728 enm
1325 2687 1427 2736 fecit,
1467 2688 1632 2729 edocuit.
1688 2688 1852 2742 Dyseris

247 2762 369 2816 igltur
398 2762 554 2803 domina
583 2764 651 2811 eat,
681 2773 780 2815 quae
810 2773 896 2803 eam
926 2761 1074 2802 obtulit
1133 2761 1292 2803 Locutio
1332 2763 1534 2804 vetustatis
1572 2763 1730 2816 signum
1759 2775 1852 2817 prae

251 2849 294 2879 ae
322 2836 406 2878 fert.
437 2830 570 2891 σοφίη
607 2837 722 2885 enim,
762 2836 810 2878 de
854 2848 1039 2877 manuum
1080 2836 1242 2877 artificio
1282 2837 1441 2886 dictum,
1481 2838 1620 2879 veteris
1662 2839 1853 2880 sermonis

340 2996 375 3039 1)
398 2996 527 3028 Nomen
551 2995 637 3028 redit
659 2995 693 3028 in
719 2995 907 3037 anaglypho
931 2995 1052 3028 Helio:
1077 2995 1115 3029 C.
1141 2997 1168 3029 1.
1195 2996 1236 3029 G.
1261 2996 1293 3028 11
1317 2997 1417 3030 248⁸.
