2144 3412
963 270 1249 314 -63-

302 389 577 449 πολυύμνοις.
636 395 818 437 Meretrix
860 398 992 438 autem
1033 399 1272 446 nominatur,
1317 399 1409 451 quia
1451 399 1493 440 in
1531 399 1704 440 omnium
1750 410 1816 439 ore
1846 400 1915 447 est:

301 453 410 494 Eust.
456 452 574 500 1921,
607 452 680 493 62:
725 448 764 494 εἰ
809 450 858 494 δὲ
900 451 974 495 καὶ
1019 450 1288 509 πολύυμνος,
1335 448 1447 496 ἀλλὰ
1492 456 1618 497 τοῦτο
1662 451 1918 511 σεμνότερον

301 507 435 565 δῆθεν
476 505 638 565 πόρνης
688 505 901 551 ἐπίθετον
953 509 1022 552 dcc*
1059 510 1110 553 τὸ
1151 508 1281 568 αὐτῆς
1332 508 1614 581 περιώνυμον.
1674 514 1914 563 Quibuscum

305 568 351 607 cf.
383 566 482 607 Plat.
513 579 635 619 symp.
670 566 751 608 187
767 570 811 608 d:
843 565 916 609 καὶ
948 561 1073 619 οἷτός
1104 566 1222 610 ἐστιν
1252 565 1276 610 ὁ
1304 567 1450 620 καλος,
1493 565 1517 611 ὁ
1547 563 1759 624 οὐράνιος,
1791 564 1815 610 ὁ
1844 570 1919 626 τῆς

309 616 525 676 Οὐρανίας
568 620 754 679 Μούσης
784 620 944 680 Ἔρως·
991 621 1015 666 ὃ
1045 624 1093 667 δὲ
1137 622 1390 680 Πολυμνίας
1429 623 1452 668 ὁ
1491 623 1729 682 πάνδημος,
1771 620 1821 667 ὃν
1849 625 1918 668 δεῖ

304 674 619 734 εὐλαβούμενον
641 680 908 752 προσφέρειν
929 674 997 733 οἷς
1016 678 1070 724 ἂν
1095 681 1308 740 προφέρῃ,
1340 679 1464 734 ὅπως
1485 678 1537 726 ἂν
1556 683 1631 740 τὴν
1653 683 1733 738 μὲν
1767 679 1918 740 ἡδονὴν

303 731 435 779 αὐτοῦ
466 734 768 794 καρπώσηται,
810 736 1049 782 ακολασίαν
1087 738 1136 782 δὲ
1175 740 1389 797 μηδεμίαν
1427 738 1658 799 ἐμποιίσῃ,
1699 743 1764 783 ubi
1806 741 1916 782 Plato

302 798 406 836 certe
437 790 670 850 Πολύμνια
703 809 788 838 eam
818 798 973 839 Musam
1005 810 1090 840 esse
1121 799 1213 847 vult,
1244 811 1356 852 quae.
1388 811 1475 840 oum
1508 800 1709 852 Cupidinis
1740 798 1917 850 vulgaris

301 854 426 892 mater
456 854 517 898 sit.
547 854 596 894 ab
627 856 848 896 amantibus
878 855 1045 896 multum
1077 856 1235 908 hymnis
1266 856 1494 898 celebratur.
1555 856 1727 897 Eandem
1758 857 1913 897 Musam

301 904 525 963 Πολύμνις
563 913 797 953 nominatam
830 924 909 953 una
949 925 1037 954 cum
1080 909 1318 969 Στησιχόρη
1372 918 1410 954 et
1458 908 1645 968 Ἐρα[τώ]
1688 914 1825 954 Martie
1880 916 1918 954 et

301 967 465 1007 Veneris
515 980 671 1009 currum
710 970 752 1010 in
796 971 955 1011 deorum
1001 982 1143 1022 pompa
1188 973 1435 1012 comitantem
1477 972 1585 1011 vides
1627 972 1667 1011 in
1714 971 1915 1011 Francisci

303 1024 491 1076 amphora
522 1021 769 1079 (Πολύμνια
798 1030 928 1068 autem
961 1039 1046 1068 eam
1076 1028 1249 1080 appellat
1278 1029 1472 1070 Hesiodus
1500 1028 1571 1069 Th.
1602 1027 1686 1080 78).
1726 1023 1917 1081 πολύυμ-

300 1095 374 1130 νος
412 1084 635 1124 nominatur
664 1084 797 1126 Venus
839 1085 878 1127 h.
923 1084 1041 1137 Orph.
1072 1086 1138 1132 55.
1174 1087 1206 1126 1.
1238 1109 1293 1114 —
1333 1081 1578 1126 πανδοσιάν
1620 1090 1750 1126 autem
1790 1097 1914 1126 mere·

300 1140 437 1180 tricem
468 1151 554 1181 esse
584 1143 824 1183 nominatam
854 1142 1087 1183 Eustathius
1119 1142 1201 1184 vult
1231 1142 1345 1196 (862,
1367 1144 1440 1195 45)
1473 1140 1586 1195 πρὸς
1617 1137 1819 1195 παίγνιον
1839 1142 1917 1191 τῖς

301 1192 556 1251 Πανδώρας.
614 1197 752 1251 Neque
782 1199 891 1240 aliud
920 1199 1011 1240 talis
1050 1200 1254 1241 locutionis
1297 1201 1516 1253 exemplum
1558 1203 1690 1240 exstat.
1721 1222 1773 1228 -—
1815 1197 1914 1240 λαο-

300 1249 451 1309 φόρος,
484 1254 523 1295 11.
555 1267 585 1295 e.
616 1256 805 1308 populum
826 1257 963 1304 serene,
995 1258 1041 1298 de
1071 1260 1191 1299 strata
1221 1259 1404 1299 adiectivi
1442 1258 1526 1298 loco
1567 1257 1689 1298 semel
1720 1258 1918 1298 invenitur

299 1313 404 1364 apud
445 1311 661 1353 Homerum
706 1312 758 1366 (O
799 1313 880 1354 682
926 1309 1147 1369 λαοφόρον
1191 1309 1302 1356 καθ’
1346 1310 1485 1364 ὁδόν),
1527 1315 1575 1355 de
1634 1316 1743 1355 urbis
1795 1316 1917 1366 portis

301 1369 393 1409 Her.
423 1369 444 1409 1
477 1369 557 1410 187
597 1371 684 1411 τῶν
721 1366 956 1426 λεωφόρων
1001 1369 1191 1420 πυλέων;
1235 1373 1281 1413 of.
1324 1373 1417 1415 Eur.
1447 1372 1522 1414 Rh.
1554 1372 1634 1412 881
1668 1367 1916 1427 λεωφόρους

302 1423 564 1481 (λαοφόρους
594 1428 672 1476 GV,
703 1424 924 1483 λαοφόρου
955 1429 1085 1469 HarL:
1128 1442 1198 1470 em.
1230 1429 1437 1481 Valcken.)
1468 1426 1580 1482 πρὸς
1612 1424 1844 1482 ἐκτροπάς,
1875 1429 1916 1469 in

299 1483 545 1536 publicarum
584 1486 739 1525 viarum
779 1486 1035 1527 deverticulis.
1095 1486 1389 1527 Substantivum
1429 1488 1478 1528 de
1518 1487 1580 1527 via
1620 1490 1739 1527 strata
1768 1487 1914 1527 dictum

300 1542 471 1593 primum
511 1543 709 1583 invenitur
750 1544 853 1595 apud
883 1543 981 1584 Plat.
1012 1543 1088 1596 leg.
1120 1543 1259 1592 763oe
1302 1546 1450 1585 ionicae
1495 1555 1582 1585 esse
1621 1545 1783 1596 originis
1813 1543 1914 1584 hanc

300 1598 534 1639 locutionem
564 1601 764 1641 Anacreon
794 1602 912 1649 docet,
953 1602 1018 1653 qui
1056 1613 1102 1641 ea
1131 1601 1393 1654 metaphorice
1423 1603 1471 1643 de
1500 1601 1750 1642 meretricula
1778 1603 1911 1642 utitur.

301 1678 356 1684 —
399 1651 671 1712 μανιόκηπος
715 1670 867 1711 quoque
909 1660 955 1699 de
996 1657 1066 1699 tali
1107 1659 1253 1700 femina
1294 1660 1575 1700 Anacreontem
1617 1658 1680 1709 (fr.
1715 1657 1814 1710 156)
1844 1670 1914 1711 per

300 1713 515 1754 ludibrium
557 1715 700 1755 dixisse
742 1715 883 1756 Suidas
924 1717 1036 1756 testis
1079 1718 1137 1757 est
1187 1716 1253 1769 (cf.
1283 1729 1313 1757 s.
1341 1711 1565 1784 μυσάχνη).
1622 1716 1714 1756 Hes.
1751 1716 1914 1773 κῆπος·

303 1801 313 1810 .
345 1801 355 1810 .
388 1803 397 1811 .
427 1768 479 1811 τὸ
510 1767 720 1828 ἑφήβαιον
765 1772 850 1813 τῶν
888 1771 1098 1827 γυναικῶν
1137 1773 1335 1824 (similiter
1367 1773 1522 1833 ‘hortus
1570 1774 1672 1825 apud
1703 1773 1916 1814 Romanos:

303 1827 349 1868 of.
377 1827 507 1881 Priap.
539 1830 575 1878 5,
607 1829 675 1882 3.).
708 1853 761 1859 -
800 1831 915 1871 Iones
954 1831 996 1871 in
1026 1830 1100 1871 hoo
1139 1832 1340 1872 nominum
1379 1843 1522 1884 genere
1560 1831 1790 1871 inveniendo
1819 1831 1917 1872 satis

306 1885 483 1927 sollertes
512 1886 635 1928 fuisse
668 1888 867 1929 videntur:
909 1888 955 1930 cf.
998 1888 1146 1929 Archil.
1176 1888 1221 1929 fr.
1255 1887 1346 1929 184.
1390 1912 1443 1918 --
1489 1889 1640 1929 Harum
1669 1891 1798 1929 autem
1829 1900 1918 1928 con-

301 1943 554 1984 tumeliamm
594 1945 770 1986 notitiam
810 1945 1061 1986 Eustathium
1100 1945 1275 1999 aliosque
1314 1947 1589 1999 grammaticos
1628 1946 1843 1998 sumpsisse
1873 1957 1919 1986 ex

303 1999 477 2041 Suetonii
521 2001 631 2050 libro,
676 2003 742 2054 qui
788 2005 869 2043 erat
912 2004 1142 2055 inscriptus:
1192 2000 1294 2058 περὶ
1334 1999 1571 2060 ὁυσφήμων
1612 1999 1780 2054 λέξεων,
1820 1997 1916 2058 ἤτοι

302 2054 592 2113 βλασφημιῶν
631 2056 707 2100 καὶ
746 2055 890 2100 πόθεν
929 2055 1099 2115 ἑκάστη,
1134 2062 1301 2101 ostendit
1329 2063 1374 2102 A.
1404 2061 1626 2108 Freseniue,
1668 2061 1717 2101 de
1758 2056 1917 2112 λέξεων

301 2115 674 2168 Aristophanearum
729 2119 766 2158 et
809 2117 1132 2158 Suetonianarum
1177 2120 1367 2171 excerptis
1409 2118 1634 2171 Byzantinis
1676 2130 1712 2169 p.
1759 2118 1812 2158 72
1833 2129 1916 2170 sqq.

307 2172 363 2213 Of.
393 2185 546 2226 quoque
576 2174 695 2223 (John,
724 2174 750 2214 1.
783 2187 814 2216 o.
844 2187 880 2226 p.
910 2174 1006 2217 329.
1666 2176 1678 2183 ⁹

416 2235 615 2297 ὑψηλός]
664 2243 709 2283 fr.
743 2243 794 2283 10
835 2238 858 2284 ὁ
905 2238 950 2284 δ’
992 2238 1141 2298 ὑψηλοὶ
1186 2240 1457 2299 νενοημένοςε
1502 2245 1549 2284 de
1593 2255 1712 2296 puero
1751 2243 1916 2296 superbo

305 2300 461 2339 dictum.
491 2299 598 2341 Haec
628 2300 806 2342 vocabuli
835 2300 1023 2342 translata
1053 2303 1113 2342 vie
1134 2301 1302 2342 Homero
1322 2314 1480 2354 prorsus
1509 2303 1642 2354 ignota
1662 2301 1727 2342 hio
1746 2301 1916 2352 primum

303 2357 472 2397 inveniri
505 2358 665 2399 videtur.

1076 2485 1144 2526 IV.

418 2567 605 2630 ἀγκύλη]
636 2575 682 2615 V.
712 2588 742 2616 s.
771 2570 998 2629 κότταβος.

418 2637 679 2699 Αἰθιοπίη]
728 2643 822 2686 Hes.
851 2638 1109 2684 Αἰθιοπία·
1141 2639 1470 2700 ᾗΣαμοθρᾴκη.
1501 2639 1626 2686 ἄλλοι
1659 2642 1735 2701 τὴν
1749 2639 1914 2702 ’.Ἀρτε-

305 2712 393 2751 μιν.
437 2722 491 2727 -
545 2696 805 2756 Αἰθιοπίης
850 2696 1128 2753 (Αἶθιοπεῖς
1173 2702 1275 2742 cod:
1327 2714 1399 2742 em.
1441 2701 1592 2755 Bergk)
1634 2700 1799 2744 παῖδα·
1838 2700 1915 2744 τὸν

305 2868 409 2908 epigr.
435 2868 522 2913 821).
572 2871 623 2902 De
658 2876 798 2910 utroque
821 2873 898 2903 vide
931 2882 1015 2911 quae
1047 2872 1198 2903 dixerunt
1221 2872 1444 2903 wil-mowitz
1477 2871 1607 2916 (comm.
1644 2883 1779 2912 gramm.
1801 2874 1831 2905 11
1858 2874 1914 2917 15)

306 2918 339 2944 et
362 2914 471 2945 Mnaso
494 2915 660 2958 (Orpheus
685 2920 740 2958 64,
766 2917 834 2958 ¹17).
860 2936 904 2942 -
928 2919 1135 2958 Polyhymno
1169 2919 1332 2957 quaedam
1355 2919 1440 2950 inter
1465 2920 1586 2951 Bacchi
1610 2921 1733 2950 alumni
1769 2919 1913 2951 nnn-im

307 2959 494 2991 nominatur
517 2961 637 3001 Hygin.
665 2963 731 2995 fab.
756 2973 789 3003 p.
814 2966 855 2997 35
882 2964 991 2995 Seiam.
