2144 3412
965 189 1247 232 -24-

304 314 547 372 ἐκέρδαναν,
579 315 773 358 κλέονται
797 312 840 358 δ’
873 314 918 359 ἔν
946 333 992 360 τε
1012 317 1295 376 φορμίγγεσιν
1324 318 1369 362 ἐν
1398 315 1514 365 αὖλιῖ
1519 338 1541 365 ν
1571 338 1616 365 τε
1649 319 1911 379 παμφώνοις

304 387 526 445 ((μοκλαῖς.

419 461 552 521 ὑπέρε
575 484 631 499 --
653 467 747 507 uber
762 491 817 496 —
835 467 916 516 hin,
933 469 980 509 de
997 471 1121 518 motu:
1143 462 1322 525 ἀσήμων
1342 465 1453 523 ὑπὲρ
1473 466 1671 526 ἑρμάτων
1694 470 1911 529 φορέομαι

307 541 372 583 38.
434 541 497 581 Sic
529 542 632 593 apud
662 541 875 582 Homerum
907 555 1060 596 quoque
1090 556 1206 596 saepe
1236 545 1443 586 invenitur.

337 630 341 636 ·
420 608 530 655 ἀἱ-πός
570 616 673 667 apud
713 616 996 657 Anacreontem
1038 618 1086 658 de
1125 630 1167 658 re
1207 620 1358 659 tantum
1398 620 1550 670 dicitur,
1586 633 1687 674 quae
1723 623 1912 664 actionem

306 691 500 743 quandam
539 690 630 730 inde
660 691 891 742 pendentem
934 693 1157 740 comitatur3
1199 687 1405 748 ἡμιόπων
1443 688 1514 735 ὑπ’
1547 688 1686 736 αὐλῶν
1716 690 1912 751 ὀρχεῖται

307 764 372 812 20,
404 764 441 806 2.
501 765 559 806 Gs.
590 764 712 806 schol.
742 767 776 805 A
810 766 849 806 Σ
875 765 956 806 492
988 760 1161 821 νύμφας
1201 759 1248 807 δ’
1289 764 1338 809 ἐκ
1367 765 1584 823 θαλάμων
1622 767 1786 812 δαΐδων
1822 766 1912 813 ὕπὸ

307 832 632 891 λαμπομενάων
670 831 834 894 ἠγίνεον
874 832 957 880 ἅνὰ
1001 835 1135 881 ἄστυ·
1176 836 1202 896 ἢ
1244 836 1332 883 ὑπὸ
1374 835 1473 885 ἀντὶ
1515 843 1591 899 τῆς
1635 840 1757 898 μετά,
1804 842 1914 898 μετὰ

307 907 465 968 δᾴδων.
502 905 759 968 Ἀρχίλοχος
780 912 913 967 (123)·
945 908 1062 971 ᾄδων
1091 909 1161 956 ὑπ’
1195 908 1441 972 αὐλητῗρος.
1483 917 1611 960 Schol.
1633 920 1698 961 Ar.
1718 931 1778 962 ἢν.
1804 920 1912 962 1426

305 982 415 1027 {mai
436 982 660 1041 πτερύγων
679 983 725 1028 τί
753 986 998 1042 προσκαλεῖ
1021 984 1290 1046 σοφώτερον·
1321 985 1421 1032 ἀντὶ
1451 992 1528 1033 τοῦ
1547 989 1658 1046 μετὰ
1678 989 1913 1047 πτερύγων.

298 1055 506 1110 (Ησίοδος
551 1060 622 1115 (sc.
667 1061 788 1115 283)·
834 1058 905 1103 τοί
946 1076 992 1117 γε
1035 1061 1116 1118 μὲν
1157 1057 1231 1105 οὖν
1274 1061 1508 1119 γελόωντες
1550 1060 1634 1108 ἐπ’
1680 1061 1914 1125 αὖλητῆρος

307 1131 503 1184 ἕκαστος.
554 1135 666 1179 Pind.
688 1136 731 1179 Ο.
754 1137 809 1178 1v
841 1138 865 1178 2
888 1128 1017 1192 Ὧραι
1046 1133 1135 1180 ὑπὸ
1166 1135 1588 1195 ποικιλοφόρμιγγος
1617 1134 1773 1192 ἀοιδᾶς
1802 1138 1915 1184 ἑλισ-

309 1205 503 1264 σόμεναι,
535 1211 628 1253 Her.
650 1212 670 1251 I
705 1211 756 1252 17
788 1207 1064 1267 ἐστρατεύετο
1095 1210 1144 1254 δὲ
1174 1213 1387 1268 (Alyattes)
1418 1210 1506 1256 {mci
1538 1212 1747 1270 συρίγγων
1775 1230 1822 1258 τε
1840 1213 1917 1259 καὶ

308 1280 532 1340 πηκτίδων
563 1282 639 1326 καὶ
669 1279 810 1327 αὐλῶν
839 1282 1084 1342 γυναικηίου
1113 1301 1160 1328 τε
1188 1286 1265 1329 καὶ
1293 1282 1508 1346 ἀνδρηίου.

419 1359 618 1401 'l'mesis
648 1360 712 1401 his
741 1361 838 1402 locis
870 1363 994 1402 exstat
1023 1360 1272 1416 (praepositio
1304 1365 1420 1405 verbo
1450 1377 1520 1405 suo
1550 1367 1783 1419 antecedit):
1825 1360 1918 1410 ἀπό

305 1447 381 1488 μοι
423 1434 581 1475 θανεῖν
619 1429 770 1488 γένοιτ’
806 1436 870 1477 50.
904 1437 939 1485 1,
986 1429 1078 1476 ἀπὸ
1109 1429 1150 1477 δ’
1195 1433 1385 1489 ἐξείλετο
1425 1438 1490 1487 58,
1529 1432 1612 1481 ἀνὰ
1653 1438 1773 1482 δεῦτε
1810 1442 1916 1495 βασ-

308 1504 483 1565 σαρήσω
516 1509 579 1550 63.
613 1511 649 1559 6,
694 1503 788 1551 ἀπὸ
824 1507 905 1564 μὲν
945 1507 1161 1566 στέφανος
1202 1507 1364 1562 πόλεος
1402 1507 1563 1554 ὄλωλεν
1604 1515 1670 1563 72,
1713 1512 1789 1557 διὰ
1830 1513 1916 1570 (δὲ)

307 1581 433 1638 δέρην
461 1580 578 1639 κόψε
607 1581 743 1640 μέσην
773 1585 826 1626 80
839 1597 873 1634 a,
903 1582 988 1626 κὰδ
1018 1582 1067 1627 δὲ
1097 1583 1247 1635 λιῖπος
1278 1582 1462 1643 ἐσχίσθη
1493 1588 1546 1630 80
1559 1590 1596 1631 b.

310 1659 346 1701 5.
402 1660 459 1700 de
499 1660 626 1700 verb
640 1672 674 1701 o.
760 1659 1028 1701 Memorabilis
1071 1663 1128 1701 est
1167 1660 1237 1702 ille
1275 1661 1386 1702 locus
1417 1663 1454 1711 2,
1485 1663 1510 1703 7
1551 1662 1681 1716 (poeta
1720 1663 1919 1706 Bacchum

308 1732 505 1786 implorat)
526 1729 763 1788 γουνοῦμαί
793 1746 864 1775 σε·
897 1731 949 1776 σύ
979 1728 1022 1775 δ’
1054 1728 1231 1791 εὐμενὴς
1261 1729 1367 1777 ἔλθ’
1400 1731 1511 1793 ἡμίν,
1530 1734 1840 1794 κεχαρισμένης
1868 1732 1916 1779 δ’

307 1802 491 1863 εὗχωλῗςς
521 1803 765 1850 ἐπακούειν.
807 1805 1069 1865 Κλεοβούλῳ
1100 1803 1143 1851 δ’
1178 1803 1347 1864 ἀγαθὸς
1375 1807 1492 1865 γένεο
1536 1806 1802 1865 σύμβουλος·
1841 1809 1918 1855 τὸν

309 1879 414 1937 ἐμὸν
443 1877 492 1924 δ’
525 1877 668 1938 ἔρωτ’,
713 1876 748 1926 ὦ
793 1880 994 1936 Λεόνυσε,
1041 1881 1248 1936 δέχεσθαι
1292 1884 1359 1940 (de
1389 1886 1565 1927 codicum
1609 1888 1716 1927 varia
1754 1886 1920 1930 lectione

309 1971 344 2001 v.
366 1971 403 2011 p.
426 1957 511 2012 22).
563 1958 743 2000 Genuina
771 1960 957 2001 infinitivi
985 1961 1088 2000 notio
1119 1972 1164 2001 ex
1194 1960 1268 2001 hoc
1297 1961 1380 2001 loce
1401 1962 1543 2013 optime
1573 1962 1754 2014 cognosci
1781 1963 1920 2014 potest.

309 2033 408 2083 Quia
439 2035 543 2074 enim
574 2035 694 2074 dativi
724 2035 882 2086 signum
913 2046 1002 2075 eum
1032 2046 1126 2086 prae
1156 2047 1199 2075 se
1228 2035 1329 2076 ferre
1371 2037 1467 2076 satis
1497 2037 1646 2076 constat
1674 2034 1771 2088 (qua
1800 2037 1848 2077 de
1875 2047 1919 2077 re

310 2108 357 2150 cf.
388 2108 432 2150 E.
464 2108 661 2157 wilhelm,
692 2109 741 2149 de
771 2109 954 2149 infinitivi
986 2141 1124 2151 .....
1153 2108 1277 2149 forma
1308 2110 1345 2150 et
1374 2121 1450 2150 usu
1478 2122 1516 2161 p.
1550 2107 1632 2162 14),
1671 2110 1919 2152 instrumenti

309 2194 463 2235 queque
492 2184 573 2223 vim
604 2182 733 2231 habet,
764 2183 803 2225 h.
833 2195 866 2225 e.
895 2185 1053 2235 ponitur
1081 2184 1131 2223 ad
1160 2184 1351 2224 actionem
1373 2184 1680 2232 describendam,
1709 2196 1810 2236 quae
1829 2196 1920 2226 oum

309 2257 388 2297 alia
429 2259 509 2298 tam
548 2260 630 2298 arte
674 2259 880 2298 coniuncta
922 2259 982 2307 sit,
1026 2261 1070 2298 ut
1113 2270 1183 2310 per
1221 2259 1494 2299 necessitatem
1525 2258 1720 2310 quandam
1759 2259 1808 2299 ab
1851 2258 1920 2300 illa

309 2332 487 2383 pendeat.
526 2331 666 2372 ‘Poeta
694 2333 816 2384 igitur
855 2344 944 2373 cum
983 2344 1006 2372 a
1047 2333 1116 2372 deo
1158 2333 1265 2384 petit,
1306 2334 1350 2373 ut
1389 2333 1466 2372 sibi
1505 2332 1695 2384 propitius
1724 2334 1855 2374 veniat
1883 2334 1922 2375 et

310 2418 447 2458 preces
477 2418 569 2447 suas
601 2407 794 2455 exaudiat,
823 2408 867 2447 ut
889 2405 1075 2448 Cleobule
1105 2407 1204 2447 bene
1227 2406 1412 2455 consulat,
1443 2418 1614 2447 amorem
1644 2408 1775 2448 autem
1805 2419 1921 2448 suum

312 2481 490 2533 accipiat,
534 2483 697 2534 uterque
739 2481 956 2522 infinitivus
999 2482 1190 2522 actionem
1230 2481 1397 2532 indicat,
1444 2493 1544 2534 quae
1587 2493 1633 2522 ex
1679 2482 1923 2523 antecedenti

311 2556 463 2596 actione
493 2555 594 2596 ultro
626 2555 804 2597 efficitur.
863 2554 960 2596 Rem
990 2557 1045 2596 ita
1084 2567 1126 2596 se
1168 2555 1314 2596 habere
1352 2556 1498 2596 formae
1537 2567 1687 2608 quoque
1715 2556 1922 2597 verborum

313 2629 462 2671 docent.
522 2628 625 2670 Nam
666 2641 753 2670 cum
798 2632 961 2683 utreque
1003 2630 1088 2671 loco
1129 2621 1261 2671 aoristi
1302 2631 1556 2682 imperativus
1596 2631 1747 2682 positus
1785 2631 1848 2680 sit,
1884 2631 1923 2671 is

284 2755 286 2757 ι
313 2703 503 2744 actionem
534 2705 686 2744 denotat
727 2704 850 2745 semel
888 2704 1110 2757 perfectam,
1154 2705 1216 2745 cui
1245 2704 1456 2745 adhaereat
1494 2705 1594 2745 actio
1638 2705 1781 2745 durans
1808 2713 1922 2757 prae-

314 2778 436 2818 sentis
465 2778 657 2819 infinitivo
687 2778 893 2822 illustrata.

315 2852 353 2893 6.
391 2851 677 2892 Verborum
709 2853 995 2894 collocatio
1026 2853 1322 2906 simplicissima
1352 2855 1421 2895 est.
1450 2852 1738 2895 Vocabulorum
1756 2853 1922 2894 interne

315 2925 603 2967 cohaerentium
635 2928 914 2979 diremptionis,
944 2940 1044 2980 quae
1075 2929 1182 2968 varia
1213 2930 1282 2976 est,
1326 2928 1499 2979 exempla
1530 2927 1715 2968 nonnulla
1743 2925 1922 2968 attulisse
