<?xml version="1.0" encoding="UTF-8"?>
<!DOCTYPE html PUBLIC "-//W3C//DTD XHTML 1.0 Transitional//EN"
    "http://www.w3.org/TR/xhtml1/DTD/xhtml1-transitional.dtd">
<html xmlns="http://www.w3.org/1999/xhtml" xml:lang="en" lang="en">
 <head>
  <title>
</title>
<meta http-equiv="Content-Type" content="text/html;charset=utf-8" />
  <meta name='ocr-system' content='tesseract 3.04.00' />
  <meta name='ocr-capabilities' content='ocr_page ocr_carea ocr_par ocr_line ocrx_word'/>
</head>
<body>
  <div class='ocr_page' id='page_1' title='image "anacreonteascrip00webeuoft_0064.png"; bbox 0 0 2144 3412; ppageno 0'>
   <div class='ocr_carea' id='block_1_1' title="bbox 966 234 1252 279">
    <p class='ocr_par' dir='ltr' id='par_1_1' title="bbox 966 234 1252 279">
     <span class='ocr_line' id='line_1_1' title="bbox 966 234 1252 279; baseline 0.003 -13"><span class='ocrx_word' id='word_1_1' title='bbox 966 234 1252 279; x_wconf 79' lang='grc'>-56-</span> 
     </span>
    </p>
   </div>
   <div class='ocr_carea' id='block_1_2' title="bbox 296 359 1926 2818">
    <p class='ocr_par' dir='ltr' id='par_1_2' title="bbox 296 359 1926 2818">
     <span class='ocr_line' id='line_1_2' title="bbox 298 359 1913 417; baseline 0.004 -17"><span class='ocrx_word' id='word_1_2' title='bbox 298 361 425 400; x_wconf 89' lang='lat' dir='ltr'><strong>monis</strong></span> <span class='ocrx_word' id='word_1_3' title='bbox 472 361 667 411; x_wconf 80' lang='lat' dir='ltr'><strong>propriam</strong></span> <span class='ocrx_word' id='word_1_4' title='bbox 714 359 981 412; x_wconf 69' lang='lat' dir='ltr'><strong>expunandam</strong></span> <span class='ocrx_word' id='word_1_5' title='bbox 1022 372 1047 400; x_wconf 87' lang='lat' dir='ltr'><strong>a</strong></span> <span class='ocrx_word' id='word_1_6' title='bbox 1089 361 1248 402; x_wconf 86' lang='lat' dir='ltr'><strong>librario</strong></span> <span class='ocrx_word' id='word_1_7' title='bbox 1277 363 1317 402; x_wconf 89' lang='lat' dir='ltr'><strong>in</strong></span> <span class='ocrx_word' id='word_1_8' title='bbox 1350 364 1523 414; x_wconf 79' lang='lat' dir='ltr'><strong>margine</strong></span> <span class='ocrx_word' id='word_1_9' title='bbox 1553 365 1738 417; x_wconf 82' lang='lat' dir='ltr'><strong>adposita.</strong></span> <span class='ocrx_word' id='word_1_10' title='bbox 1779 368 1913 417; x_wconf 77' lang='lat' dir='ltr'><strong>postea</strong></span> 
     </span>
     <span class='ocr_line' id='line_1_3' title="bbox 301 415 1909 482; baseline 0.004 -25"><span class='ocrx_word' id='word_1_11' title='bbox 301 419 431 457; x_wconf 85' lang='lat' dir='ltr'><strong>autem</strong></span> <span class='ocrx_word' id='word_1_12' title='bbox 466 417 542 482; x_wconf 53' lang='lat' dir='ltr'><strong>hu&#39;c</strong></span> <span class='ocrx_word' id='word_1_13' title='bbox 573 416 635 456; x_wconf 88' lang='lat' dir='ltr'><strong>vel</strong></span> <span class='ocrx_word' id='word_1_14' title='bbox 666 415 762 457; x_wconf 87' lang='lat' dir='ltr'><strong>illuc</strong></span> <span class='ocrx_word' id='word_1_15' title='bbox 792 418 832 457; x_wconf 91' lang='lat' dir='ltr'><strong>in</strong></span> <span class='ocrx_word' id='word_1_16' title='bbox 863 420 1082 458; x_wconf 86' lang='lat' dir='ltr'><strong>contextum</strong></span> <span class='ocrx_word' id='word_1_17' title='bbox 1115 418 1211 459; x_wconf 83' lang='lat' dir='ltr'><strong>falso</strong></span> <span class='ocrx_word' id='word_1_18' title='bbox 1242 418 1359 459; x_wconf 90' lang='lat' dir='ltr'><strong>illata.</strong></span> <span class='ocrx_word' id='word_1_19' title='bbox 1402 419 1656 461; x_wconf 89' lang='lat' dir='ltr'><strong>Scribendum</strong></span> <span class='ocrx_word' id='word_1_20' title='bbox 1688 422 1811 473; x_wconf 85' lang='lat' dir='ltr'><strong>igitur</strong></span> <span class='ocrx_word' id='word_1_21' title='bbox 1831 424 1909 463; x_wconf 74' lang='lat' dir='ltr'><strong>est.</strong></span> 
     </span>
     <span class='ocr_line' id='line_1_4' title="bbox 296 467 1911 541; baseline 0.004 -27"><span class='ocrx_word' id='word_1_22' title='bbox 296 469 468 529; x_wconf 81' lang='grc' dir='ltr'>χήλινον</span> <span class='ocrx_word' id='word_1_23' title='bbox 508 467 638 525; x_wconf 76' lang='grc' dir='ltr'><strong><em>ἄγγος</em></strong></span> <span class='ocrx_word' id='word_1_24' title='bbox 682 468 780 524; x_wconf 79' lang='grc' dir='ltr'>ἔχον</span> <span class='ocrx_word' id='word_1_25' title='bbox 814 471 1057 541; x_wconf 76' lang='grc' dir='ltr'><strong><em>πυθμένας</em></strong></span> <span class='ocrx_word' id='word_1_26' title='bbox 1099 472 1288 525; x_wconf 79' lang='grc' dir='ltr'><em>σελίνων</em></span> <span class='ocrx_word' id='word_1_27' title='bbox 1335 476 1373 518; x_wconf 90' lang='lat' dir='ltr'><strong>h.</strong></span> <span class='ocrx_word' id='word_1_28' title='bbox 1405 488 1435 516; x_wconf 91' lang='lat' dir='ltr'><strong>e.</strong></span> <span class='ocrx_word' id='word_1_29' title='bbox 1476 488 1544 518; x_wconf 84' lang='lat' dir='ltr'><strong>vas</strong></span> <span class='ocrx_word' id='word_1_30' title='bbox 1588 479 1719 518; x_wconf 75' lang='lat' dir='ltr'>textile</span> <span class='ocrx_word' id='word_1_31' title='bbox 1762 479 1911 520; x_wconf 85' lang='lat' dir='ltr'><strong>habens</strong></span> 
     </span>
     <span class='ocr_line' id='line_1_5' title="bbox 299 526 1912 589; baseline 0.004 -18"><span class='ocrx_word' id='word_1_32' title='bbox 299 533 431 571; x_wconf 83' lang='lat' dir='ltr'><strong>caules</strong></span> <span class='ocrx_word' id='word_1_33' title='bbox 461 531 650 581; x_wconf 85' lang='lat' dir='ltr'><strong>apiorum.</strong></span> <span class='ocrx_word' id='word_1_34' title='bbox 680 530 739 572; x_wconf 89' lang='lat' dir='ltr'><strong>De</strong></span> <span class='ocrx_word' id='word_1_35' title='bbox 770 526 943 586; x_wconf 69' lang='grc' dir='ltr'>χίλινος</span> <span class='ocrx_word' id='word_1_36' title='bbox 973 544 1007 572; x_wconf 93' lang='lat' dir='ltr'><strong>v</strong></span> <span class='ocrx_word' id='word_1_37' title='bbox 1028 544 1155 584; x_wconf 86' lang='lat' dir='ltr'><strong>supra.</strong></span> <span class='ocrx_word' id='word_1_38' title='bbox 1177 533 1362 573; x_wconf 79' lang='lat' dir='ltr'><strong>Mettum·</strong></span> <span class='ocrx_word' id='word_1_39' title='bbox 1355 554 1644 574; x_wconf 63' lang='grc'><strong>--------</strong></span> <span class='ocrx_word' id='word_1_40' title='bbox 1658 533 1662 589; x_wconf 85' lang='grc' dir='ltr'>Ι</span> <span class='ocrx_word' id='word_1_41' title='bbox 1676 558 1912 578; x_wconf 58' lang='grc'><strong>.......</strong></span> 
     </span>
     <span class='ocr_line' id='line_1_6' title="bbox 414 583 1908 659; baseline 0.003 -32"><span class='ocrx_word' id='word_1_42' title='bbox 414 583 564 655; x_wconf 68' lang='grc' dir='ltr'><strong>ῥέγος]</strong></span> <span class='ocrx_word' id='word_1_43' title='bbox 597 587 658 629; x_wconf 75' lang='lat' dir='ltr'><strong>Et.</strong></span> <span class='ocrx_word' id='word_1_44' title='bbox 688 588 741 629; x_wconf 90' lang='lat' dir='ltr'><strong>M.</strong></span> <span class='ocrx_word' id='word_1_45' title='bbox 773 587 867 638; x_wconf 83' lang='grc'>703,</span> <span class='ocrx_word' id='word_1_46' title='bbox 899 588 974 629; x_wconf 83' lang='lat'><strong>28:</strong></span> <span class='ocrx_word' id='word_1_47' title='bbox 1020 587 1167 644; x_wconf 57' lang='lat'><strong>&amp;57709&#39;</strong></span> <span class='ocrx_word' id='word_1_48' title='bbox 1214 586 1264 629; x_wconf 81' lang='grc' dir='ltr'><strong>τὸ</strong></span> <span class='ocrx_word' id='word_1_49' title='bbox 1308 589 1563 658; x_wconf 74' lang='grc' dir='ltr'><em>πορφυροῦν</em></span> <span class='ocrx_word' id='word_1_50' title='bbox 1601 588 1908 659; x_wconf 78' lang='grc' dir='ltr'><strong>περιβόλαιον·</strong></span> 
     </span>
     <span class='ocr_line' id='line_1_7' title="bbox 300 637 1915 719; baseline 0.002 -34"><span class='ocrx_word' id='word_1_51' title='bbox 300 641 421 712; x_wconf 80' lang='grc' dir='ltr'>ῥέξαι</span> <span class='ocrx_word' id='word_1_52' title='bbox 451 641 531 698; x_wconf 80' lang='grc' dir='ltr'><strong>γὰρ</strong></span> <span class='ocrx_word' id='word_1_53' title='bbox 562 640 613 684; x_wconf 78' lang='grc' dir='ltr'><strong>τὸ</strong></span> <span class='ocrx_word' id='word_1_54' title='bbox 642 641 791 697; x_wconf 81' lang='grc' dir='ltr'>βάψαι</span> <span class='ocrx_word' id='word_1_55' title='bbox 821 642 895 685; x_wconf 82' lang='grc' dir='ltr'><strong>καὶ</strong></span> <span class='ocrx_word' id='word_1_56' title='bbox 926 637 1022 685; x_wconf 87' lang='grc' dir='ltr'>οἷον</span> <span class='ocrx_word' id='word_1_57' title='bbox 1050 658 1369 714; x_wconf 76' lang='grc' dir='ltr'>μεταποιτσαι·</span> <span class='ocrx_word' id='word_1_58' title='bbox 1415 642 1482 688; x_wconf 69' lang='grc' dir='ltr'>ἷ’τι</span> <span class='ocrx_word' id='word_1_59' title='bbox 1514 645 1562 689; x_wconf 78' lang='grc' dir='ltr'><strong>δὲ</strong></span> <span class='ocrx_word' id='word_1_60' title='bbox 1592 650 1737 702; x_wconf 51' lang='lat' dir='ltr'><strong>&lt;says—lg</strong></span> <span class='ocrx_word' id='word_1_61' title='bbox 1767 645 1915 719; x_wconf 78' lang='grc' dir='ltr'>ἔλεγον</span> 
     </span>
     <span class='ocr_line' id='line_1_8' title="bbox 299 698 1911 774; baseline 0.005 -34"><span class='ocrx_word' id='word_1_62' title='bbox 299 714 402 749; x_wconf 82' lang='grc' dir='ltr'><strong><em>τους</em></strong></span> <span class='ocrx_word' id='word_1_63' title='bbox 429 701 591 755; x_wconf 84' lang='grc' dir='ltr'><strong><em>βαφεῖς</em></strong></span> <span class='ocrx_word' id='word_1_64' title='bbox 619 699 694 742; x_wconf 84' lang='grc' dir='ltr'><strong>καὶ</strong></span> <span class='ocrx_word' id='word_1_65' title='bbox 701 698 846 768; x_wconf 83' lang='grc' dir='ltr'><strong><em>ῥέγος</em></strong></span> <span class='ocrx_word' id='word_1_66' title='bbox 875 699 926 742; x_wconf 76' lang='grc' dir='ltr'><strong>τὸ</strong></span> <span class='ocrx_word' id='word_1_67' title='bbox 969 698 1125 756; x_wconf 81' lang='grc' dir='ltr'>βάμμα</span> <span class='ocrx_word' id='word_1_68' title='bbox 1169 700 1311 772; x_wconf 72' lang='grc' dir='ltr'>σαφὲς</span> <span class='ocrx_word' id='word_1_69' title='bbox 1335 698 1582 774; x_wconf 78' lang='grc' dir='ltr'>’.Λνακρέων</span> <span class='ocrx_word' id='word_1_70' title='bbox 1612 707 1756 747; x_wconf 86' lang='grc' dir='ltr'>ποιεῖ.</span> <span class='ocrx_word' id='word_1_71' title='bbox 1794 702 1911 748; x_wconf 72' lang='grc' dir='ltr'><strong>ιὁιλι-</strong></span> 
     </span>
     <span class='ocr_line' id='line_1_9' title="bbox 301 751 1909 828; baseline 0.004 -30"><span class='ocrx_word' id='word_1_72' title='bbox 301 755 528 812; x_wconf 78' lang='grc' dir='ltr'>πόρφιρον</span> <span class='ocrx_word' id='word_1_73' title='bbox 573 751 713 813; x_wconf 73' lang='grc' dir='ltr'><strong>ῥέγος&gt;</strong></span> <span class='ocrx_word' id='word_1_74' title='bbox 761 759 823 810; x_wconf 82' lang='lat' dir='ltr'><strong>(fr.</strong></span> <span class='ocrx_word' id='word_1_75' title='bbox 858 759 966 810; x_wconf 89' lang='lat'>138),</span> <span class='ocrx_word' id='word_1_76' title='bbox 1010 757 1082 801; x_wconf 84' lang='grc' dir='ltr'><em>καί</em></span> <span class='ocrx_word' id='word_1_77' title='bbox 1128 755 1237 828; x_wconf 79' lang='grc' dir='ltr'><strong><em>παρ’</em></strong></span> <span class='ocrx_word' id='word_1_78' title='bbox 1280 754 1438 828; x_wconf 79' lang='grc' dir='ltr'>Ἰβύκιιιι</span> <span class='ocrx_word' id='word_1_79' title='bbox 1463 756 1666 803; x_wconf 72' lang='grc' dir='ltr'><strong>ιποικίλα</strong></span> <span class='ocrx_word' id='word_1_80' title='bbox 1696 757 1909 818; x_wconf 79' lang='grc' dir='ltr'>ῥέγματα’</span> 
     </span>
     <span class='ocr_line' id='line_1_10' title="bbox 301 812 1912 886; baseline 0.004 -31"><span class='ocrx_word' id='word_1_81' title='bbox 301 815 374 865; x_wconf 91' lang='grc'><strong>(10</strong></span> <span class='ocrx_word' id='word_1_82' title='bbox 388 817 442 863; x_wconf 87' lang='lat' dir='ltr'><strong>b).</strong></span> <span class='ocrx_word' id='word_1_83' title='bbox 476 815 530 856; x_wconf 88' lang='lat' dir='ltr'><strong>Cf.</strong></span> <span class='ocrx_word' id='word_1_84' title='bbox 563 816 653 856; x_wconf 87' lang='lat' dir='ltr'><strong>Hes.</strong></span> <span class='ocrx_word' id='word_1_85' title='bbox 685 812 860 869; x_wconf 49' lang='lat' dir='ltr'><strong>&amp;grogn</strong></span> <span class='ocrx_word' id='word_1_86' title='bbox 893 813 1112 884; x_wconf 84' lang='grc' dir='ltr'>.βάμμα.</span> <span class='ocrx_word' id='word_1_87' title='bbox 1144 815 1355 886; x_wconf 69' lang='grc' dir='ltr'>ρέγματα·</span> <span class='ocrx_word' id='word_1_88' title='bbox 1387 815 1441 859; x_wconf 75' lang='grc' dir='ltr'><strong>τὰ</strong></span> <span class='ocrx_word' id='word_1_89' title='bbox 1461 815 1683 886; x_wconf 76' lang='grc' dir='ltr'><strong><em>βάμματα.</em></strong></span> <span class='ocrx_word' id='word_1_90' title='bbox 1725 821 1780 863; x_wconf 87' lang='lat' dir='ltr'><strong>Cf.</strong></span> <span class='ocrx_word' id='word_1_91' title='bbox 1802 820 1912 862; x_wconf 77' lang='lat' dir='ltr'><strong>Phot</strong></span> 
     </span>
     <span class='ocr_line' id='line_1_11' title="bbox 301 869 1914 931; baseline 0.003 -19"><span class='ocrx_word' id='word_1_92' title='bbox 301 873 375 926; x_wconf 93' lang='lat'><strong>(=</strong></span> <span class='ocrx_word' id='word_1_93' title='bbox 405 872 532 924; x_wconf 86' lang='lat' dir='ltr'><strong>Suid.)</strong></span> <span class='ocrx_word' id='word_1_94' title='bbox 565 870 708 926; x_wconf 81' lang='grc' dir='ltr'>ῥέξαι·</span> <span class='ocrx_word' id='word_1_95' title='bbox 741 905 750 914; x_wconf 92' lang='grc'>.</span> <span class='ocrx_word' id='word_1_96' title='bbox 783 905 792 914; x_wconf 96' lang='grc'>.</span> <span class='ocrx_word' id='word_1_97' title='bbox 825 904 834 913; x_wconf 94' lang='grc'><strong><em>.</em></strong></span> <span class='ocrx_word' id='word_1_98' title='bbox 867 887 959 927; x_wconf 79' lang='grc' dir='ltr'><strong>παρ</strong></span> <span class='ocrx_word' id='word_1_99' title='bbox 1011 869 1258 930; x_wconf 74' lang='grc' dir='ltr'>Ἐπιχαρμιιι)</span> <span class='ocrx_word' id='word_1_100' title='bbox 1289 890 1339 916; x_wconf 86' lang='grc' dir='ltr'><strong>το</strong></span> <span class='ocrx_word' id='word_1_101' title='bbox 1367 872 1589 928; x_wconf 79' lang='grc' dir='ltr'>β[λ]άψαι.</span> <span class='ocrx_word' id='word_1_102' title='bbox 1641 878 1733 918; x_wconf 81' lang='lat' dir='ltr'><strong>Hes.</strong></span> <span class='ocrx_word' id='word_1_103' title='bbox 1761 889 1914 931; x_wconf 82' lang='grc' dir='ltr'><strong><em>χρυσο-</em></strong></span> 
     </span>
     <span class='ocr_line' id='line_1_12' title="bbox 300 926 1913 1001; baseline 0.004 -32"><span class='ocrx_word' id='word_1_104' title='bbox 300 926 446 982; x_wconf 81' lang='grc' dir='ltr'>ραγές·</span> <span class='ocrx_word' id='word_1_105' title='bbox 475 927 763 984; x_wconf 87' lang='grc' dir='ltr'>χρυσοβαφές.</span> <span class='ocrx_word' id='word_1_106' title='bbox 796 954 851 959; x_wconf 93' lang='grc'>-</span> <span class='ocrx_word' id='word_1_107' title='bbox 881 931 1041 972; x_wconf 88' lang='lat' dir='ltr'><strong>Praeter</strong></span> <span class='ocrx_word' id='word_1_108' title='bbox 1070 934 1230 984; x_wconf 80' lang='lat' dir='ltr'><strong>stirpem</strong></span> <span class='ocrx_word' id='word_1_109' title='bbox 1262 934 1350 987; x_wconf 78' lang='grc' dir='ltr'><strong><em>ῥεγ-</em></strong></span> <span class='ocrx_word' id='word_1_110' title='bbox 1380 933 1459 973; x_wconf 88' lang='lat' dir='ltr'><strong>alia</strong></span> <span class='ocrx_word' id='word_1_111' title='bbox 1480 946 1633 1001; x_wconf 88' lang='lat' dir='ltr'><strong>quoque</strong></span> <span class='ocrx_word' id='word_1_112' title='bbox 1664 937 1788 975; x_wconf 82' lang='lat' dir='ltr'><strong>exstat</strong></span> <span class='ocrx_word' id='word_1_113' title='bbox 1806 936 1913 991; x_wconf 76' lang='grc' dir='ltr'>ρνγ-.</span> 
     </span>
     <span class='ocr_line' id='line_1_13' title="bbox 302 985 1911 1059; baseline 0.004 -33"><span class='ocrx_word' id='word_1_114' title='bbox 302 986 428 1055; x_wconf 73' lang='grc' dir='ltr'><strong><em>ῥῆγος</em></strong></span> <span class='ocrx_word' id='word_1_115' title='bbox 469 999 624 1055; x_wconf 84' lang='lat' dir='ltr'><strong>semper</strong></span> <span class='ocrx_word' id='word_1_116' title='bbox 665 988 871 1030; x_wconf 84' lang='lat' dir='ltr'><strong>Homerus.</strong></span> <span class='ocrx_word' id='word_1_117' title='bbox 933 989 986 1030; x_wconf 84' lang='lat' dir='ltr'><strong>Cf.</strong></span> <span class='ocrx_word' id='word_1_118' title='bbox 1017 989 1138 1031; x_wconf 87' lang='lat' dir='ltr'><strong>schol.</strong></span> <span class='ocrx_word' id='word_1_119' title='bbox 1170 1003 1195 1043; x_wconf 83' lang='grc' dir='ltr'><em>γ</em></span> <span class='ocrx_word' id='word_1_120' title='bbox 1227 990 1308 1031; x_wconf 85' lang='grc'><strong>349</strong></span> <span class='ocrx_word' id='word_1_121' title='bbox 1355 986 1503 1058; x_wconf 60' lang='grc' dir='ltr'><strong><em>ῥίγεα·</em></strong></span> <span class='ocrx_word' id='word_1_122' title='bbox 1545 985 1620 1042; x_wconf 72' lang='grc' dir='ltr'><strong>οὐχ</strong></span> <span class='ocrx_word' id='word_1_123' title='bbox 1663 987 1819 1059; x_wconf 78' lang='grc' dir='ltr'><strong><em>ἁπλῶς</em></strong></span> <span class='ocrx_word' id='word_1_124' title='bbox 1858 989 1911 1033; x_wconf 77' lang='grc' dir='ltr'><strong>τὰ</strong></span> 
     </span>
     <span class='ocr_line' id='line_1_14' title="bbox 303 1025 1909 1169; baseline 0.003 -28"><span class='ocrx_word' id='word_1_125' title='bbox 303 1039 489 1142; x_wconf 59' lang='lat'><strong>{5‘5&#39;2‘3502</strong></span> <span class='ocrx_word' id='word_1_126' title='bbox 511 1037 938 1169; x_wconf 55' lang='grc' dir='ltr'><strong>Ξέἓῖοντῗοβέᾰᾜὲ.</strong></span> <span class='ocrx_word' id='word_1_127' title='bbox 958 1060 1066 1145; x_wconf 57' lang='grc' dir='ltr'><strong>’μὸἵῖ</strong></span> <span class='ocrx_word' id='word_1_128' title='bbox 1065 1060 1242 1157; x_wconf 53' lang='lat'><strong>‘31102‘2&#39;1‘0</strong></span> <span class='ocrx_word' id='word_1_129' title='bbox 1271 1025 1719 1146; x_wconf 51' lang='lat' dir='ltr'><strong>{252⁹Jlf⁰}“i“661⁶.&#39;²5“‘</strong></span> <span class='ocrx_word' id='word_1_130' title='bbox 1758 1061 1838 1101; x_wconf 74' lang='lat'><strong>⁷⁰⁹</strong></span> <span class='ocrx_word' id='word_1_131' title='bbox 1870 1062 1909 1090; x_wconf 86' lang='lat'><strong>⁰¹</strong></span> 
     </span>
     <span class='ocr_line' id='line_1_15' title="bbox 417 1154 1915 1227; baseline 0.003 -29"><span class='ocrx_word' id='word_1_132' title='bbox 417 1154 622 1227; x_wconf 60' lang='lat' dir='ltr'><strong>‹uprfaede</strong></span> <span class='ocrx_word' id='word_1_133' title='bbox 656 1158 788 1200; x_wconf 90' lang='lat' dir='ltr'><strong>Semel</strong></span> <span class='ocrx_word' id='word_1_134' title='bbox 817 1160 962 1211; x_wconf 90' lang='lat' dir='ltr'><strong>legitur</strong></span> <span class='ocrx_word' id='word_1_135' title='bbox 981 1162 1084 1212; x_wconf 91' lang='lat' dir='ltr'><strong>apud</strong></span> <span class='ocrx_word' id='word_1_136' title='bbox 1117 1162 1328 1202; x_wconf 89' lang='lat' dir='ltr'><strong>Homerum</strong></span> <span class='ocrx_word' id='word_1_137' title='bbox 1353 1163 1392 1202; x_wconf 90' lang='lat' dir='ltr'><em>P</em></span> <span class='ocrx_word' id='word_1_138' title='bbox 1416 1163 1468 1203; x_wconf 85' lang='lat'><strong>52</strong></span> <span class='ocrx_word' id='word_1_139' title='bbox 1499 1159 1656 1215; x_wconf 81' lang='grc' dir='ltr'>αι’ματί</span> <span class='ocrx_word' id='word_1_140' title='bbox 1677 1175 1717 1203; x_wconf 88' lang='grc' dir='ltr'><strong>οι</strong></span> <span class='ocrx_word' id='word_1_141' title='bbox 1740 1158 1915 1204; x_wconf 78' lang='grc' dir='ltr'><strong><em>δεύοντο</em></strong></span> 
     </span>
     <span class='ocr_line' id='line_1_16' title="bbox 301 1211 1914 1288; baseline 0.004 -32.004"><span class='ocrx_word' id='word_1_142' title='bbox 301 1211 440 1285; x_wconf 85' lang='grc' dir='ltr'>κόμαι</span> <span class='ocrx_word' id='word_1_143' title='bbox 478 1212 730 1270; x_wconf 81' lang='grc' dir='ltr'><strong><em>χαρίτεσσιν</em></strong></span> <span class='ocrx_word' id='word_1_144' title='bbox 773 1211 923 1270; x_wconf 87' lang='grc' dir='ltr'>οιιοῖαι</span> <span class='ocrx_word' id='word_1_145' title='bbox 968 1215 1162 1272; x_wconf 81' lang='grc' dir='ltr'>πλοχμοί</span> <span class='ocrx_word' id='word_1_146' title='bbox 1189 1212 1259 1269; x_wconf 70' lang='grc' dir='ltr'><strong>θ’,</strong></span> <span class='ocrx_word' id='word_1_147' title='bbox 1292 1214 1338 1260; x_wconf 79' lang='lat'><strong>0‘1</strong></span> <span class='ocrx_word' id='word_1_148' title='bbox 1362 1220 1505 1273; x_wconf 56' lang='lat' dir='ltr'><strong>&gt;fot-3013</strong></span> <span class='ocrx_word' id='word_1_149' title='bbox 1543 1233 1589 1260; x_wconf 84' lang='grc' dir='ltr'><strong>τε</strong></span> <span class='ocrx_word' id='word_1_150' title='bbox 1629 1216 1702 1260; x_wconf 83' lang='grc' dir='ltr'><strong>καὶ</strong></span> <span class='ocrx_word' id='word_1_151' title='bbox 1743 1214 1914 1288; x_wconf 82' lang='grc' dir='ltr'><strong><em>ἀργύρῳ</em></strong></span> 
     </span>
     <span class='ocr_line' id='line_1_17' title="bbox 303 1269 1911 1341; baseline 0.002 -27"><span class='ocrx_word' id='word_1_152' title='bbox 303 1269 569 1341; x_wconf 75' lang='grc' dir='ltr'>ἐσφήκωντο.</span> <span class='ocrx_word' id='word_1_153' title='bbox 630 1273 758 1314; x_wconf 81' lang='lat' dir='ltr'><strong>Sobel.</strong></span> <span class='ocrx_word' id='word_1_154' title='bbox 799 1274 945 1316; x_wconf 79' lang='lat' dir='ltr'><strong>Townl.</strong></span> <span class='ocrx_word' id='word_1_155' title='bbox 991 1276 1150 1316; x_wconf 86' lang='lat' dir='ltr'><strong>verbum</strong></span> <span class='ocrx_word' id='word_1_156' title='bbox 1196 1279 1300 1317; x_wconf 88' lang='lat' dir='ltr'><strong>recte</strong></span> <span class='ocrx_word' id='word_1_157' title='bbox 1342 1279 1399 1317; x_wconf 84' lang='lat' dir='ltr'><strong>sie</strong></span> <span class='ocrx_word' id='word_1_158' title='bbox 1442 1277 1610 1328; x_wconf 84' lang='lat' dir='ltr'><strong>explicat</strong></span> <span class='ocrx_word' id='word_1_159' title='bbox 1652 1274 1911 1331; x_wconf 82' lang='grc' dir='ltr'>παρειμέναι</span> 
     </span>
     <span class='ocr_line' id='line_1_18' title="bbox 303 1325 1916 1387; baseline 0.003 -17"><span class='ocrx_word' id='word_1_160' title='bbox 303 1325 476 1371; x_wconf 73' lang='grc' dir='ltr'><strong><em>ἄνωθεν</em></strong></span> <span class='ocrx_word' id='word_1_161' title='bbox 507 1327 823 1384; x_wconf 79' lang='grc' dir='ltr'>περιεδέδεντο.</span> <span class='ocrx_word' id='word_1_162' title='bbox 864 1331 1065 1372; x_wconf 79' lang='lat' dir='ltr'><strong>Translate</strong></span> <span class='ocrx_word' id='word_1_163' title='bbox 1096 1334 1218 1384; x_wconf 83' lang='lat' dir='ltr'><strong>igitur</strong></span> <span class='ocrx_word' id='word_1_164' title='bbox 1246 1338 1359 1385; x_wconf 87' lang='lat' dir='ltr'><strong>poeta</strong></span> <span class='ocrx_word' id='word_1_165' title='bbox 1389 1346 1431 1374; x_wconf 92' lang='lat' dir='ltr'><strong>eo</strong></span> <span class='ocrx_word' id='word_1_166' title='bbox 1463 1335 1595 1382; x_wconf 87' lang='lat' dir='ltr'><strong>utitur,</strong></span> <span class='ocrx_word' id='word_1_167' title='bbox 1624 1346 1714 1374; x_wconf 88' lang='lat' dir='ltr'><strong>nam</strong></span> <span class='ocrx_word' id='word_1_168' title='bbox 1745 1336 1916 1387; x_wconf 85' lang='lat' dir='ltr'><strong>genuina</strong></span> 
     </span>
     <span class='ocr_line' id='line_1_19' title="bbox 304 1384 1912 1458; baseline 0.004 -31"><span class='ocrx_word' id='word_1_169' title='bbox 304 1389 387 1428; x_wconf 84' lang='lat' dir='ltr'><strong>eius</strong></span> <span class='ocrx_word' id='word_1_170' title='bbox 417 1388 521 1428; x_wconf 84' lang='lat' dir='ltr'><strong>notio</strong></span> <span class='ocrx_word' id='word_1_171' title='bbox 542 1390 618 1428; x_wconf 85' lang='lat' dir='ltr'><strong>est:</strong></span> <span class='ocrx_word' id='word_1_172' title='bbox 653 1390 970 1446; x_wconf 85' lang='lat' dir='ltr'><strong>constringendo</strong></span> <span class='ocrx_word' id='word_1_173' title='bbox 991 1401 1133 1441; x_wconf 79' lang='lat' dir='ltr'><strong>vespae</strong></span> <span class='ocrx_word' id='word_1_174' title='bbox 1163 1391 1203 1430; x_wconf 89' lang='lat' dir='ltr'><strong>in</strong></span> <span class='ocrx_word' id='word_1_175' title='bbox 1235 1391 1397 1431; x_wconf 88' lang='lat' dir='ltr'><strong>formam</strong></span> <span class='ocrx_word' id='word_1_176' title='bbox 1419 1384 1616 1458; x_wconf 87' lang='lat' dir='ltr'><strong>redigere&#39;</strong></span> <span class='ocrx_word' id='word_1_177' title='bbox 1650 1392 1716 1444; x_wconf 86' lang='lat' dir='ltr'><strong>(cf.</strong></span> <span class='ocrx_word' id='word_1_178' title='bbox 1737 1395 1912 1432; x_wconf 80' lang='lat' dir='ltr'><strong>nostrum</strong></span> 
     </span>
     <span class='ocr_line' id='line_1_20' title="bbox 307 1430 1915 1512; baseline 0.002 -26.032"><span class='ocrx_word' id='word_1_179' title='bbox 307 1430 671 1503; x_wconf 47' lang='lat' dir='ltr'><strong>Wespentaille&#39;k</strong></span> <span class='ocrx_word' id='word_1_180' title='bbox 712 1447 844 1512; x_wconf 87' lang='lat' dir='ltr'><strong>itaque</strong></span> <span class='ocrx_word' id='word_1_181' title='bbox 888 1447 1085 1497; x_wconf 86' lang='lat' dir='ltr'><strong>significat</strong></span> <span class='ocrx_word' id='word_1_182' title='bbox 1146 1451 1227 1487; x_wconf 90' lang='lat' dir='ltr'><strong>arte</strong></span> <span class='ocrx_word' id='word_1_183' title='bbox 1271 1441 1553 1499; x_wconf 82' lang='lat' dir='ltr'><strong>constringere&#39;</strong></span> <span class='ocrx_word' id='word_1_184' title='bbox 1602 1452 1670 1489; x_wconf 89' lang='lat' dir='ltr'><strong>aut</strong></span> <span class='ocrx_word' id='word_1_185' title='bbox 1713 1449 1821 1490; x_wconf 89' lang='lat' dir='ltr'><strong>velut</strong></span> <span class='ocrx_word' id='word_1_186' title='bbox 1849 1449 1915 1489; x_wconf 87' lang='lat' dir='ltr'><strong>hic</strong></span> 
     </span>
     <span class='ocr_line' id='line_1_21' title="bbox 307 1495 1916 1547; baseline 0.003 -6"><span class='ocrx_word' id='word_1_187' title='bbox 307 1504 462 1543; x_wconf 89' lang='lat' dir='ltr'><strong>omnino</strong></span> <span class='ocrx_word' id='word_1_188' title='bbox 516 1495 748 1543; x_wconf 81' lang='lat' dir='ltr'><strong>conectere&#39;.</strong></span> <span class='ocrx_word' id='word_1_189' title='bbox 807 1505 1007 1543; x_wconf 81' lang='lat' dir='ltr'><strong>Anacreon</strong></span> <span class='ocrx_word' id='word_1_190' title='bbox 1038 1506 1284 1545; x_wconf 84' lang='lat' dir='ltr'><strong>Artemonem</strong></span> <span class='ocrx_word' id='word_1_191' title='bbox 1327 1505 1496 1546; x_wconf 91' lang='lat' dir='ltr'><strong>ludibrio</strong></span> <span class='ocrx_word' id='word_1_192' title='bbox 1527 1517 1672 1546; x_wconf 84' lang='lat' dir='ltr'><strong>vexans</strong></span> <span class='ocrx_word' id='word_1_193' title='bbox 1702 1518 1790 1546; x_wconf 89' lang='lat' dir='ltr'><strong>cum</strong></span> <span class='ocrx_word' id='word_1_194' title='bbox 1822 1507 1916 1547; x_wconf 85' lang='lat' dir='ltr'><strong>dicit</strong></span> 
     </span>
     <span class='ocr_line' id='line_1_22' title="bbox 304 1544 1916 1617; baseline 0.002 -18"><span class='ocrx_word' id='word_1_195' title='bbox 304 1559 350 1601; x_wconf 88' lang='lat' dir='ltr'><strong>fr.</strong></span> <span class='ocrx_word' id='word_1_196' title='bbox 384 1560 448 1606; x_wconf 83' lang='lat'><strong>21,</strong></span> <span class='ocrx_word' id='word_1_197' title='bbox 474 1544 506 1599; x_wconf 91' lang='lat'>1</span> <span class='ocrx_word' id='word_1_198' title='bbox 529 1556 634 1612; x_wconf 84' lang='grc' dir='ltr'><strong><em>πρὶν</em></strong></span> <span class='ocrx_word' id='word_1_199' title='bbox 663 1556 744 1613; x_wconf 82' lang='grc' dir='ltr'>ιιὲν</span> <span class='ocrx_word' id='word_1_200' title='bbox 786 1555 895 1611; x_wconf 78' lang='grc' dir='ltr'><strong><em>ἔχων</em></strong></span> <span class='ocrx_word' id='word_1_201' title='bbox 931 1558 1170 1615; x_wconf 80' lang='grc' dir='ltr'><strong><em>βερβέριον,</em></strong></span> <span class='ocrx_word' id='word_1_202' title='bbox 1212 1557 1460 1615; x_wconf 74' lang='grc' dir='ltr'>καλύμματ’</span> <span class='ocrx_word' id='word_1_203' title='bbox 1507 1559 1806 1617; x_wconf 80' lang='grc' dir='ltr'>ἐσφηκωμένα,</span> <span class='ocrx_word' id='word_1_204' title='bbox 1851 1563 1916 1604; x_wconf 85' lang='lat' dir='ltr'><strong>his</strong></span> 
     </span>
     <span class='ocr_line' id='line_1_23' title="bbox 306 1618 1918 1673; baseline 0.003 -17"><span class='ocrx_word' id='word_1_205' title='bbox 306 1618 436 1657; x_wconf 88' lang='lat' dir='ltr'><strong>verbis</strong></span> <span class='ocrx_word' id='word_1_206' title='bbox 476 1618 716 1669; x_wconf 86' lang='lat' dir='ltr'><strong>appositione</strong></span> <span class='ocrx_word' id='word_1_207' title='bbox 757 1619 911 1660; x_wconf 85' lang='lat' dir='ltr'><strong>additis</strong></span> <span class='ocrx_word' id='word_1_208' title='bbox 952 1619 1212 1659; x_wconf 88' lang='lat' dir='ltr'><strong>velamentum</strong></span> <span class='ocrx_word' id='word_1_209' title='bbox 1257 1619 1415 1672; x_wconf 88' lang='lat' dir='ltr'><strong>aliquod</strong></span> <span class='ocrx_word' id='word_1_210' title='bbox 1458 1621 1595 1672; x_wconf 85' lang='lat' dir='ltr'><strong>capitis</strong></span> <span class='ocrx_word' id='word_1_211' title='bbox 1641 1621 1798 1668; x_wconf 87' lang='lat' dir='ltr'><strong>indicat,</strong></span> <span class='ocrx_word' id='word_1_212' title='bbox 1841 1632 1918 1673; x_wconf 89' lang='lat' dir='ltr'><strong>quo</strong></span> 
     </span>
     <span class='ocr_line' id='line_1_24' title="bbox 303 1675 1919 1730; baseline 0.002 -16"><span class='ocrx_word' id='word_1_213' title='bbox 303 1677 386 1714; x_wconf 86' lang='lat' dir='ltr'><strong>arte</strong></span> <span class='ocrx_word' id='word_1_214' title='bbox 417 1675 622 1715; x_wconf 81' lang='lat' dir='ltr'><strong>constricto</strong></span> <span class='ocrx_word' id='word_1_215' title='bbox 653 1677 769 1726; x_wconf 86' lang='lat' dir='ltr'><strong>caput</strong></span> <span class='ocrx_word' id='word_1_216' title='bbox 802 1676 885 1715; x_wconf 90' lang='lat' dir='ltr'><strong>eius</strong></span> <span class='ocrx_word' id='word_1_217' title='bbox 915 1676 1069 1727; x_wconf 86' lang='lat' dir='ltr'><strong>tegitur.</strong></span> <span class='ocrx_word' id='word_1_218' title='bbox 1129 1676 1220 1716; x_wconf 79' lang='lat' dir='ltr'><strong>Tale</strong></span> <span class='ocrx_word' id='word_1_219' title='bbox 1257 1678 1351 1729; x_wconf 89' lang='lat' dir='ltr'><strong>quid</strong></span> <span class='ocrx_word' id='word_1_220' title='bbox 1380 1689 1468 1718; x_wconf 87' lang='lat' dir='ltr'><strong>esse</strong></span> <span class='ocrx_word' id='word_1_221' title='bbox 1499 1679 1607 1718; x_wconf 88' lang='lat' dir='ltr'><strong>docet</strong></span> <span class='ocrx_word' id='word_1_222' title='bbox 1638 1678 1730 1717; x_wconf 89' lang='lat' dir='ltr'><strong>crdo</strong></span> <span class='ocrx_word' id='word_1_223' title='bbox 1763 1689 1919 1730; x_wconf 87' lang='lat' dir='ltr'><strong>quoque</strong></span> 
     </span>
     <span class='ocr_line' id='line_1_25' title="bbox 305 1733 1919 1786; baseline 0.002 -15"><span class='ocrx_word' id='word_1_224' title='bbox 305 1744 447 1778; x_wconf 90' lang='lat' dir='ltr'><strong>rerum,</strong></span> <span class='ocrx_word' id='word_1_225' title='bbox 479 1743 595 1784; x_wconf 87' lang='lat' dir='ltr'><strong>quem</strong></span> <span class='ocrx_word' id='word_1_226' title='bbox 634 1735 745 1783; x_wconf 83' lang='lat' dir='ltr'><strong>poeta</strong></span> <span class='ocrx_word' id='word_1_227' title='bbox 784 1733 826 1772; x_wconf 90' lang='lat' dir='ltr'><strong>in</strong></span> <span class='ocrx_word' id='word_1_228' title='bbox 866 1733 1125 1784; x_wconf 77' lang='lat' dir='ltr'><strong>descriptione</strong></span> <span class='ocrx_word' id='word_1_229' title='bbox 1167 1737 1352 1786; x_wconf 87' lang='lat' dir='ltr'><strong>sequitur.</strong></span> <span class='ocrx_word' id='word_1_230' title='bbox 1411 1734 1564 1774; x_wconf 80' lang='lat' dir='ltr'><strong>Transit</strong></span> <span class='ocrx_word' id='word_1_231' title='bbox 1604 1736 1706 1774; x_wconf 90' lang='lat' dir='ltr'><strong>enim</strong></span> <span class='ocrx_word' id='word_1_232' title='bbox 1747 1735 1840 1774; x_wconf 90' lang='lat' dir='ltr'><strong>hinc</strong></span> <span class='ocrx_word' id='word_1_233' title='bbox 1869 1735 1919 1775; x_wconf 85' lang='lat' dir='ltr'><strong>ad</strong></span> 
     </span>
     <span class='ocr_line' id='line_1_26' title="bbox 306 1789 1920 1844; baseline 0.002 -16"><span class='ocrx_word' id='word_1_234' title='bbox 306 1801 432 1836; x_wconf 81' lang='lat' dir='ltr'><strong>auree,</strong></span> <span class='ocrx_word' id='word_1_235' title='bbox 465 1789 603 1829; x_wconf 89' lang='lat' dir='ltr'><strong>deinde</strong></span> <span class='ocrx_word' id='word_1_236' title='bbox 633 1790 683 1829; x_wconf 91' lang='lat' dir='ltr'><strong>ad</strong></span> <span class='ocrx_word' id='word_1_237' title='bbox 715 1789 878 1830; x_wconf 85' lang='lat' dir='ltr'><strong>obsoleti</strong></span> <span class='ocrx_word' id='word_1_238' title='bbox 911 1789 1025 1842; x_wconf 80' lang='lat' dir='ltr'><strong>clipei</strong></span> <span class='ocrx_word' id='word_1_239' title='bbox 1058 1794 1337 1842; x_wconf 84' lang='lat' dir='ltr'><strong>tegumentum,</strong></span> <span class='ocrx_word' id='word_1_240' title='bbox 1369 1804 1443 1844; x_wconf 92' lang='lat' dir='ltr'><strong>quo</strong></span> <span class='ocrx_word' id='word_1_241' title='bbox 1474 1804 1541 1844; x_wconf 91' lang='lat' dir='ltr'><strong>pro</strong></span> <span class='ocrx_word' id='word_1_242' title='bbox 1571 1792 1684 1832; x_wconf 90' lang='lat' dir='ltr'><strong>ilium</strong></span> <span class='ocrx_word' id='word_1_243' title='bbox 1702 1791 1920 1832; x_wconf 84' lang='lat' dir='ltr'><strong>velamento</strong></span> 
     </span>
     <span class='ocr_line' id='line_1_27' title="bbox 306 1843 1920 1901; baseline 0.002 -15"><span class='ocrx_word' id='word_1_244' title='bbox 306 1848 464 1886; x_wconf 89' lang='lat' dir='ltr'><strong>Artemo</strong></span> <span class='ocrx_word' id='word_1_245' title='bbox 495 1851 634 1886; x_wconf 85' lang='lat' dir='ltr'><strong>utatur.</strong></span> <span class='ocrx_word' id='word_1_246' title='bbox 678 1846 754 1887; x_wconf 90' lang='lat' dir='ltr'><strong>Sed</strong></span> <span class='ocrx_word' id='word_1_247' title='bbox 783 1843 1008 1901; x_wconf 81' lang='grc' dir='ltr'><strong><em>βερβέριον</em></strong></span> <span class='ocrx_word' id='word_1_248' title='bbox 1038 1860 1154 1900; x_wconf 91' lang='lat' dir='ltr'><strong>quam</strong></span> <span class='ocrx_word' id='word_1_249' title='bbox 1185 1850 1354 1900; x_wconf 86' lang='lat' dir='ltr'><strong>speciem</strong></span> <span class='ocrx_word' id='word_1_250' title='bbox 1386 1849 1576 1896; x_wconf 79' lang='lat' dir='ltr'><strong>habuerit,</strong></span> <span class='ocrx_word' id='word_1_251' title='bbox 1605 1850 1823 1889; x_wconf 82' lang='lat' dir='ltr'><strong>accuratius</strong></span> <span class='ocrx_word' id='word_1_252' title='bbox 1843 1849 1920 1889; x_wconf 87' lang='lat' dir='ltr'><strong>dici</strong></span> 
     </span>
     <span class='ocr_line' id='line_1_28' title="bbox 306 1903 1918 1975; baseline 0.002 -32"><span class='ocrx_word' id='word_1_253' title='bbox 306 1915 381 1943; x_wconf 89' lang='lat' dir='ltr'><strong>non</strong></span> <span class='ocrx_word' id='word_1_254' title='bbox 427 1903 652 1955; x_wconf 76' lang='lat' dir='ltr'><strong>potest14).</strong></span> <span class='ocrx_word' id='word_1_255' title='bbox 711 1904 865 1944; x_wconf 87' lang='lat' dir='ltr'><strong>Deinde</strong></span> <span class='ocrx_word' id='word_1_256' title='bbox 910 1906 957 1946; x_wconf 86' lang='lat' dir='ltr'><strong>cf.</strong></span> <span class='ocrx_word' id='word_1_257' title='bbox 999 1905 1043 1947; x_wconf 91' lang='lat' dir='ltr'><strong>B.</strong></span> <span class='ocrx_word' id='word_1_258' title='bbox 1078 1907 1118 1945; x_wconf 87' lang='grc' dir='ltr'><strong>Α.</strong></span> <span class='ocrx_word' id='word_1_259' title='bbox 1149 1906 1169 1946; x_wconf 95' lang='grc' dir='ltr'>Ι</span> <span class='ocrx_word' id='word_1_260' title='bbox 1203 1906 1294 1954; x_wconf 84' lang='grc'>114,</span> <span class='ocrx_word' id='word_1_261' title='bbox 1328 1907 1351 1947; x_wconf 88' lang='lat'>6</span> <span class='ocrx_word' id='word_1_262' title='bbox 1385 1907 1636 1975; x_wconf 77' lang='grc' dir='ltr'>σφηκῶσαι·</span> <span class='ocrx_word' id='word_1_263' title='bbox 1682 1903 1733 1946; x_wconf 83' lang='grc' dir='ltr'><strong>τὸ</strong></span> <span class='ocrx_word' id='word_1_264' title='bbox 1777 1903 1827 1946; x_wconf 75' lang='grc' dir='ltr'><strong>ὄι</strong></span> <span class='ocrx_word' id='word_1_265' title='bbox 1831 1918 1918 1946; x_wconf 92' lang='grc' dir='ltr'><strong>σαι</strong></span> 
     </span>
     <span class='ocr_line' id='line_1_29' title="bbox 314 1947 1923 2019; baseline 0.001 -18"><span class='ocrx_word' id='word_1_266' title='bbox 314 1956 524 2015; x_wconf 81' lang='grc' dir='ltr'>Φρύνιχος</span> <span class='ocrx_word' id='word_1_267' title='bbox 542 1956 878 2010; x_wconf 57' lang='grc' dir='ltr'>Φοινίσσαιςβι.</span> <span class='ocrx_word' id='word_1_268' title='bbox 898 1962 981 2011; x_wconf 81' lang='grc'>12).</span> <span class='ocrx_word' id='word_1_269' title='bbox 1003 1962 1091 2004; x_wconf 91' lang='lat' dir='ltr'><strong>Nic.</strong></span> <span class='ocrx_word' id='word_1_270' title='bbox 1106 1962 1218 2003; x_wconf 80' lang='lat' dir='ltr'><strong>Ther.</strong></span> <span class='ocrx_word' id='word_1_271' title='bbox 1237 1962 1317 2003; x_wconf 81' lang='grc'><strong>289</strong></span> <span class='ocrx_word' id='word_1_272' title='bbox 1335 1956 1535 2018; x_wconf 60' lang='grc' dir='ltr'>δειρὴνδ)</span> <span class='ocrx_word' id='word_1_273' title='bbox 1559 1957 1809 2019; x_wconf 61' lang='lat' dir='ltr'><strong>Soqu&#39;nw‘cat</strong></span> <span class='ocrx_word' id='word_1_274' title='bbox 1818 1947 1923 2012; x_wconf 76' lang='grc' dir='ltr'>ἃλις</span> 
     </span>
     <span class='ocr_line' id='line_1_30' title="bbox 310 2014 1921 2090; baseline 0.002 -33"><span class='ocrx_word' id='word_1_275' title='bbox 310 2017 449 2070; x_wconf 82' lang='lat' dir='ltr'><strong>(schol.</strong></span> <span class='ocrx_word' id='word_1_276' title='bbox 496 2018 735 2073; x_wconf 79' lang='grc' dir='ltr'>συνῆπται,</span> <span class='ocrx_word' id='word_1_277' title='bbox 775 2014 1068 2088; x_wconf 77' lang='grc' dir='ltr'>ἔσφιγκται,</span> <span class='ocrx_word' id='word_1_278' title='bbox 1081 2017 1358 2090; x_wconf 80' lang='grc' dir='ltr'>πέπλεκται).</span> <span class='ocrx_word' id='word_1_279' title='bbox 1421 2021 1637 2062; x_wconf 87' lang='lat' dir='ltr'><strong>Genuinam</strong></span> <span class='ocrx_word' id='word_1_280' title='bbox 1682 2021 1791 2061; x_wconf 91' lang='lat' dir='ltr'><strong>verbi</strong></span> <span class='ocrx_word' id='word_1_281' title='bbox 1839 2021 1921 2061; x_wconf 89' lang='lat' dir='ltr'><strong>vim</strong></span> 
     </span>
     <span class='ocr_line' id='line_1_31' title="bbox 307 2070 1923 2146; baseline 0.001 -31"><span class='ocrx_word' id='word_1_282' title='bbox 307 2075 432 2115; x_wconf 89' lang='lat' dir='ltr'><strong>habes</strong></span> <span class='ocrx_word' id='word_1_283' title='bbox 452 2077 516 2115; x_wconf 88' lang='lat' dir='ltr'><strong>Ar.</strong></span> <span class='ocrx_word' id='word_1_284' title='bbox 539 2088 645 2127; x_wconf 89' lang='lat' dir='ltr'><strong>vesp.</strong></span> <span class='ocrx_word' id='word_1_285' title='bbox 671 2076 777 2116; x_wconf 80' lang='grc'><strong>1071</strong></span> <span class='ocrx_word' id='word_1_286' title='bbox 811 2089 849 2116; x_wconf 88' lang='grc' dir='ltr'><strong>ει</strong></span> <span class='ocrx_word' id='word_1_287' title='bbox 880 2090 949 2125; x_wconf 86' lang='grc' dir='ltr'><strong>τις</strong></span> <span class='ocrx_word' id='word_1_288' title='bbox 977 2075 1108 2129; x_wconf 78' lang='grc' dir='ltr'>υμῶν,</span> <span class='ocrx_word' id='word_1_289' title='bbox 1142 2070 1177 2117; x_wconf 76' lang='grc' dir='ltr'><em>ιό</em></span> <span class='ocrx_word' id='word_1_290' title='bbox 1207 2075 1381 2127; x_wconf 64' lang='grc' dir='ltr'><strong>ίὶεαταί,</strong></span> <span class='ocrx_word' id='word_1_291' title='bbox 1413 2092 1488 2118; x_wconf 71' lang='grc' dir='ltr'><strong>τιν</strong></span> <span class='ocrx_word' id='word_1_292' title='bbox 1497 2075 1623 2146; x_wconf 72' lang='grc' dir='ltr'>ἒμτν</span> <span class='ocrx_word' id='word_1_293' title='bbox 1655 2073 1760 2118; x_wconf 69' lang='lat' dir='ltr'><strong>idm</strong></span> <span class='ocrx_word' id='word_1_294' title='bbox 1789 2072 1923 2146; x_wconf 72' lang='grc' dir='ltr'>φυσιν</span> 
     </span>
     <span class='ocr_line' id='line_1_32' title="bbox 308 2125 1921 2202; baseline 0.001 -30"><span class='ocrx_word' id='word_1_295' title='bbox 308 2125 406 2173; x_wconf 82' lang='grc' dir='ltr'><strong><em>εἶτα</em></strong></span> <span class='ocrx_word' id='word_1_296' title='bbox 437 2128 659 2185; x_wconf 70' lang='grc' dir='ltr'>θαιμάζει</span> <span class='ocrx_word' id='word_1_297' title='bbox 689 2126 741 2186; x_wconf 70' lang='grc' dir='ltr'><strong>μ’</strong></span> <span class='ocrx_word' id='word_1_298' title='bbox 775 2127 888 2185; x_wconf 84' lang='grc' dir='ltr'>οριῦν</span> <span class='ocrx_word' id='word_1_299' title='bbox 916 2130 1054 2202; x_wconf 57' lang='lat' dir='ltr'><strong>⁴ue&#39;ooy</strong></span> <span class='ocrx_word' id='word_1_300' title='bbox 1084 2132 1448 2189; x_wconf 79' lang='grc' dir='ltr'>διεσφηκωμένον,</span> <span class='ocrx_word' id='word_1_301' title='bbox 1478 2149 1572 2190; x_wconf 74' lang='lat' dir='ltr'><strong>rttg</strong></span> <span class='ocrx_word' id='word_1_302' title='bbox 1602 2130 1724 2195; x_wconf 71' lang='grc' dir='ltr'>ιμῶπ</span> <span class='ocrx_word' id='word_1_303' title='bbox 1748 2130 1867 2175; x_wconf 78' lang='grc' dir='ltr'>ἐστιν</span> <span class='ocrx_word' id='word_1_304' title='bbox 1897 2129 1921 2190; x_wconf 73' lang='grc' dir='ltr'>ἢ</span> 
     </span>
     <span class='ocr_line' id='line_1_33' title="bbox 303 2172 1921 2244; baseline 0.001 -14.024"><span class='ocrx_word' id='word_1_305' title='bbox 303 2183 477 2230; x_wconf 71' lang='grc' dir='ltr'>’πίνοια</span> <span class='ocrx_word' id='word_1_306' title='bbox 508 2204 586 2244; x_wconf 56' lang='lat' dir='ltr'><strong>ferg</strong></span> <span class='ocrx_word' id='word_1_307' title='bbox 617 2186 899 2244; x_wconf 23' lang='grc' dir='ltr'>ἕγκενᾞιριὸος</span> <span class='ocrx_word' id='word_1_308' title='bbox 931 2187 1033 2231; x_wconf 84' lang='lat' dir='ltr'><strong>ubi‘</strong></span> <span class='ocrx_word' id='word_1_309' title='bbox 1045 2203 1183 2243; x_wconf 84' lang='lat' dir='ltr'><strong>vespae</strong></span> <span class='ocrx_word' id='word_1_310' title='bbox 1213 2194 1352 2232; x_wconf 71' lang='lat' dir='ltr'><strong>taciem</strong></span> <span class='ocrx_word' id='word_1_311' title='bbox 1384 2172 1546 2233; x_wconf 84' lang='lat' dir='ltr'><strong>habere‘</strong></span> <span class='ocrx_word' id='word_1_312' title='bbox 1581 2197 1648 2233; x_wconf 87' lang='lat' dir='ltr'><strong>eet.</strong></span> <span class='ocrx_word' id='word_1_313' title='bbox 1670 2215 1724 2221; x_wconf 85' lang='lat'><strong>—</strong></span> <span class='ocrx_word' id='word_1_314' title='bbox 1747 2172 1921 2232; x_wconf 86' lang='lat' dir='ltr'><strong>Verbum</strong></span> 
     </span>
     <span class='ocr_line' id='line_1_34' title="bbox 310 2243 1923 2318; baseline 0.001 -31"><span class='ocrx_word' id='word_1_315' title='bbox 310 2243 500 2315; x_wconf 80' lang='grc' dir='ltr'>σφηκόω</span> <span class='ocrx_word' id='word_1_316' title='bbox 511 2249 654 2299; x_wconf 89' lang='lat' dir='ltr'><strong>pendet</strong></span> <span class='ocrx_word' id='word_1_317' title='bbox 676 2260 698 2287; x_wconf 92' lang='lat' dir='ltr'><strong>a</strong></span> <span class='ocrx_word' id='word_1_318' title='bbox 719 2260 812 2288; x_wconf 89' lang='lat' dir='ltr'><strong>voce</strong></span> <span class='ocrx_word' id='word_1_319' title='bbox 835 2244 1011 2311; x_wconf 60' lang='grc' dir='ltr'>σφνκός.</span> <span class='ocrx_word' id='word_1_320' title='bbox 1043 2248 1153 2289; x_wconf 85' lang='lat' dir='ltr'><strong>Phot</strong></span> <span class='ocrx_word' id='word_1_321' title='bbox 1176 2249 1250 2299; x_wconf 89' lang='lat'><strong>(=</strong></span> <span class='ocrx_word' id='word_1_322' title='bbox 1270 2249 1332 2290; x_wconf 82' lang='lat' dir='ltr'><strong>Et.</strong></span> <span class='ocrx_word' id='word_1_323' title='bbox 1349 2250 1400 2289; x_wconf 93' lang='lat' dir='ltr'><strong>M.</strong></span> <span class='ocrx_word' id='word_1_324' title='bbox 1420 2249 1512 2296; x_wconf 85' lang='lat'>385,</span> <span class='ocrx_word' id='word_1_325' title='bbox 1530 2251 1571 2300; x_wconf 90' lang='lat'><strong>1)</strong></span> <span class='ocrx_word' id='word_1_326' title='bbox 1581 2244 1923 2318; x_wconf 77' lang='grc' dir='ltr'>ἑσφηκωμένον·</span> 
     </span>
     <span class='ocr_line' id='line_1_35' title="bbox 310 2301 1923 2372; baseline 0.001 -27"><span class='ocrx_word' id='word_1_327' title='bbox 310 2301 583 2372; x_wconf 77' lang='grc' dir='ltr'>ἐσφιγμένον.</span> <span class='ocrx_word' id='word_1_328' title='bbox 616 2301 709 2345; x_wconf 82' lang='grc' dir='ltr'>απὸ</span> <span class='ocrx_word' id='word_1_329' title='bbox 729 2303 814 2345; x_wconf 79' lang='grc' dir='ltr'><strong>των</strong></span> <span class='ocrx_word' id='word_1_330' title='bbox 835 2302 1029 2360; x_wconf 75' lang='grc' dir='ltr'>σφηκῶν,</span> <span class='ocrx_word' id='word_1_331' title='bbox 1055 2319 1097 2345; x_wconf 91' lang='grc' dir='ltr'><strong>οι</strong></span> <span class='ocrx_word' id='word_1_332' title='bbox 1129 2320 1240 2346; x_wconf 83' lang='grc' dir='ltr'>κατα</span> <span class='ocrx_word' id='word_1_333' title='bbox 1270 2304 1320 2346; x_wconf 78' lang='grc' dir='ltr'><strong>τὸ</strong></span> <span class='ocrx_word' id='word_1_334' title='bbox 1349 2303 1484 2359; x_wconf 92' lang='grc' dir='ltr'>μέσον</span> <span class='ocrx_word' id='word_1_335' title='bbox 1504 2303 1615 2347; x_wconf 84' lang='grc' dir='ltr'><strong><em>εἰσὶν</em></strong></span> <span class='ocrx_word' id='word_1_336' title='bbox 1646 2302 1923 2360; x_wconf 77' lang='grc' dir='ltr'>ἐσφιγμένοι</span> 
     </span>
     <span class='ocr_line' id='line_1_36' title="bbox 310 2357 1924 2430; baseline 0.001 -28"><span class='ocrx_word' id='word_1_337' title='bbox 310 2357 439 2402; x_wconf 76' lang='grc' dir='ltr'>ενθεν</span> <span class='ocrx_word' id='word_1_338' title='bbox 479 2358 551 2402; x_wconf 76' lang='grc' dir='ltr'><strong>καὶ</strong></span> <span class='ocrx_word' id='word_1_339' title='bbox 593 2376 616 2402; x_wconf 94' lang='grc' dir='ltr'><strong><em>ο</em></strong></span> <span class='ocrx_word' id='word_1_340' title='bbox 630 2357 786 2430; x_wconf 84' lang='grc' dir='ltr'>σφήν·</span> <span class='ocrx_word' id='word_1_341' title='bbox 835 2361 1062 2428; x_wconf 72' lang='grc' dir='ltr'>Σοφοκλῆς</span> <span class='ocrx_word' id='word_1_342' title='bbox 1090 2359 1300 2417; x_wconf 74' lang='grc' dir='ltr'>Αἰθίοψι</span> <span class='ocrx_word' id='word_1_343' title='bbox 1353 2364 1480 2414; x_wconf 86' lang='lat' dir='ltr'><strong>(deest</strong></span> <span class='ocrx_word' id='word_1_344' title='bbox 1509 2364 1663 2404; x_wconf 77' lang='lat' dir='ltr'><strong>fabulae</strong></span> <span class='ocrx_word' id='word_1_345' title='bbox 1702 2375 1843 2404; x_wconf 89' lang='lat' dir='ltr'><strong>nomen</strong></span> <span class='ocrx_word' id='word_1_346' title='bbox 1881 2364 1924 2403; x_wconf 89' lang='lat' dir='ltr'><strong>in</strong></span> 
     </span>
     <span class='ocr_line' id='line_1_37' title="bbox 312 2414 1924 2488; baseline 0.001 -29"><span class='ocrx_word' id='word_1_347' title='bbox 312 2418 458 2472; x_wconf 79' lang='lat' dir='ltr'><strong>Etym.)</strong></span> <span class='ocrx_word' id='word_1_348' title='bbox 490 2417 591 2468; x_wconf 73' lang='grc' dir='ltr'><strong><em>τοὺς</em></strong></span> <span class='ocrx_word' id='word_1_349' title='bbox 622 2416 909 2474; x_wconf 77' lang='grc' dir='ltr'>ἑσφιγμένοις</span> <span class='ocrx_word' id='word_1_350' title='bbox 948 2414 1177 2475; x_wconf 64' lang='grc' dir='ltr'><strong>μέρμηκας</strong></span> <span class='ocrx_word' id='word_1_351' title='bbox 1216 2421 1284 2488; x_wconf 77' lang='grc' dir='ltr'><strong>τῇ</strong></span> <span class='ocrx_word' id='word_1_352' title='bbox 1311 2417 1524 2488; x_wconf 79' lang='grc' dir='ltr'>σαρκιόσει</span> <span class='ocrx_word' id='word_1_353' title='bbox 1556 2422 1621 2471; x_wconf 84' lang='lat' dir='ltr'><strong>(fr.</strong></span> <span class='ocrx_word' id='word_1_354' title='bbox 1653 2421 1726 2461; x_wconf 85' lang='lat'><strong>26:</strong></span> <span class='ocrx_word' id='word_1_355' title='bbox 1770 2421 1824 2460; x_wconf 86' lang='lat' dir='ltr'><strong>nil</strong></span> <span class='ocrx_word' id='word_1_356' title='bbox 1858 2420 1924 2460; x_wconf 82' lang='lat' dir='ltr'><strong>hie</strong></span> 
     </span>
     <span class='ocr_line' id='line_1_38' title="bbox 311 2473 1924 2533; baseline 0.001 -17"><span class='ocrx_word' id='word_1_357' title='bbox 311 2479 462 2516; x_wconf 88' lang='lat' dir='ltr'><strong>mutare</strong></span> <span class='ocrx_word' id='word_1_358' title='bbox 493 2478 685 2518; x_wconf 85' lang='lat' dir='ltr'><strong>debebant</strong></span> <span class='ocrx_word' id='word_1_359' title='bbox 714 2476 849 2517; x_wconf 87' lang='lat' dir='ltr'><strong>Naber</strong></span> <span class='ocrx_word' id='word_1_360' title='bbox 879 2480 916 2517; x_wconf 87' lang='lat' dir='ltr'><strong>et</strong></span> <span class='ocrx_word' id='word_1_361' title='bbox 945 2477 1123 2527; x_wconf 88' lang='lat' dir='ltr'><strong>Nauck)·</strong></span> <span class='ocrx_word' id='word_1_362' title='bbox 1155 2491 1438 2533; x_wconf 82' lang='grc' dir='ltr'>τετραπτεροι</span> <span class='ocrx_word' id='word_1_363' title='bbox 1469 2475 1550 2531; x_wconf 79' lang='grc' dir='ltr'><strong>γάρ</strong></span> <span class='ocrx_word' id='word_1_364' title='bbox 1582 2479 1716 2518; x_wconf 79' lang='grc' dir='ltr'>νῶτον</span> <span class='ocrx_word' id='word_1_365' title='bbox 1747 2473 1793 2518; x_wconf 78' lang='grc' dir='ltr'>ἐν</span> <span class='ocrx_word' id='word_1_366' title='bbox 1822 2475 1924 2518; x_wconf 84' lang='grc' dir='ltr'><strong><em>δεσ-</em></strong></span> 
     </span>
     <span class='ocr_line' id='line_1_39' title="bbox 311 2530 1925 2601; baseline 0.001 -28"><span class='ocrx_word' id='word_1_367' title='bbox 311 2532 513 2586; x_wconf 80' lang='grc' dir='ltr'>μιύσασιν</span> <span class='ocrx_word' id='word_1_368' title='bbox 559 2531 720 2601; x_wconf 75' lang='grc' dir='ltr'>σφηκοὶ</span> <span class='ocrx_word' id='word_1_369' title='bbox 776 2530 1077 2587; x_wconf 79' lang='grc' dir='ltr'>κελαινόρινες.</span> <span class='ocrx_word' id='word_1_370' title='bbox 1148 2535 1387 2584; x_wconf 87' lang='lat' dir='ltr'><strong>Quibuscum</strong></span> <span class='ocrx_word' id='word_1_371' title='bbox 1432 2536 1476 2575; x_wconf 89' lang='lat' dir='ltr'><strong>cf.</strong></span> <span class='ocrx_word' id='word_1_372' title='bbox 1522 2536 1708 2588; x_wconf 86' lang='lat' dir='ltr'><strong>Hesychii</strong></span> <span class='ocrx_word' id='word_1_373' title='bbox 1754 2535 1925 2586; x_wconf 82' lang='lat' dir='ltr'><strong>glossam</strong></span> 
     </span>
     <span class='ocr_line' id='line_1_40' title="bbox 314 2584 1926 2660; baseline 0.001 -30"><span class='ocrx_word' id='word_1_374' title='bbox 314 2587 495 2645; x_wconf 74' lang='grc' dir='ltr'>σφηκοί·</span> <span class='ocrx_word' id='word_1_375' title='bbox 529 2584 578 2632; x_wconf 78' lang='grc' dir='ltr'><strong>οὗ</strong></span> <span class='ocrx_word' id='word_1_376' title='bbox 608 2588 831 2644; x_wconf 77' lang='grc' dir='ltr'>κεχιμένοι</span> <span class='ocrx_word' id='word_1_377' title='bbox 862 2592 914 2646; x_wconf 75' lang='grc' dir='ltr'><strong>τῆ</strong></span> <span class='ocrx_word' id='word_1_378' title='bbox 945 2588 1172 2645; x_wconf 79' lang='grc' dir='ltr'>σαρκώσει,</span> <span class='ocrx_word' id='word_1_379' title='bbox 1214 2587 1324 2633; x_wconf 78' lang='grc' dir='ltr'>ἄλλα</span> <span class='ocrx_word' id='word_1_380' title='bbox 1355 2591 1699 2660; x_wconf 75' lang='grc' dir='ltr'>σινεσφιγμένοι.</span> <span class='ocrx_word' id='word_1_381' title='bbox 1740 2588 1847 2632; x_wconf 80' lang='grc' dir='ltr'>ἔνιοι</span> <span class='ocrx_word' id='word_1_382' title='bbox 1877 2588 1926 2631; x_wconf 79' lang='grc' dir='ltr'><strong>δὲ</strong></span> 
     </span>
     <span class='ocr_line' id='line_1_41' title="bbox 314 2634 1926 2718; baseline 0.001 -31"><span class='ocrx_word' id='word_1_383' title='bbox 314 2634 927 2717; x_wconf 57' lang='grc' dir='ltr'>ῥωμαλέους.1ὶιιᾰ.σφηκός</span> <span class='ocrx_word' id='word_1_384' title='bbox 958 2646 1118 2718; x_wconf 80' lang='grc' dir='ltr'>λόφοι·</span> <span class='ocrx_word' id='word_1_385' title='bbox 1148 2647 1199 2689; x_wconf 81' lang='grc' dir='ltr'><strong>τὸ</strong></span> <span class='ocrx_word' id='word_1_386' title='bbox 1229 2644 1362 2702; x_wconf 77' lang='grc' dir='ltr'><strong><em>ἄκρον</em></strong></span> <span class='ocrx_word' id='word_1_387' title='bbox 1390 2650 1466 2691; x_wconf 79' lang='grc' dir='ltr'><strong>τοῦ</strong></span> <span class='ocrx_word' id='word_1_388' title='bbox 1487 2646 1637 2717; x_wconf 76' lang='grc' dir='ltr'>λόφου,</span> <span class='ocrx_word' id='word_1_389' title='bbox 1669 2646 1719 2690; x_wconf 83' lang='grc' dir='ltr'><strong>τὸ</strong></span> <span class='ocrx_word' id='word_1_390' title='bbox 1740 2645 1817 2689; x_wconf 79' lang='grc' dir='ltr'><strong>ἐπὶ</strong></span> <span class='ocrx_word' id='word_1_391' title='bbox 1838 2646 1926 2689; x_wconf 86' lang='grc' dir='ltr'>τῶν</span> 
     </span>
     <span class='ocr_line' id='line_1_42' title="bbox 315 2701 1923 2774; baseline 0.001 -30"><span class='ocrx_word' id='word_1_392' title='bbox 315 2719 438 2745; x_wconf 83' lang='grc' dir='ltr'><strong><em>ωτων</em></strong></span> <span class='ocrx_word' id='word_1_393' title='bbox 478 2701 844 2774; x_wconf 72' lang='grc' dir='ltr'>αποκρεμιίμενον</span> <span class='ocrx_word' id='word_1_394' title='bbox 893 2707 970 2747; x_wconf 80' lang='grc' dir='ltr'><strong>τοῦ</strong></span> <span class='ocrx_word' id='word_1_395' title='bbox 1020 2702 1181 2761; x_wconf 82' lang='grc' dir='ltr'>λόφου,</span> <span class='ocrx_word' id='word_1_396' title='bbox 1221 2721 1297 2762; x_wconf 69' lang='grc' dir='ltr'><strong>τις</strong></span> <span class='ocrx_word' id='word_1_397' title='bbox 1337 2703 1681 2761; x_wconf 52' lang='grc' dir='ltr'>περικεφαλὼιας</span> <span class='ocrx_word' id='word_1_398' title='bbox 1731 2703 1783 2746; x_wconf 83' lang='grc' dir='ltr'><strong>τὸ</strong></span> <span class='ocrx_word' id='word_1_399' title='bbox 1827 2718 1923 2746; x_wconf 86' lang='grc' dir='ltr'>συν-</span> 
     </span>
     <span class='ocr_line' id='line_1_43' title="bbox 314 2760 1926 2818; baseline 0 -16"><span class='ocrx_word' id='word_1_400' title='bbox 314 2760 588 2816; x_wconf 85' lang='grc' dir='ltr'>εσφιγμένον.</span> <span class='ocrx_word' id='word_1_401' title='bbox 648 2764 779 2804; x_wconf 89' lang='lat' dir='ltr'><strong>Verba</strong></span> <span class='ocrx_word' id='word_1_402' title='bbox 809 2765 962 2816; x_wconf 86' lang='lat' dir='ltr'><strong>integra</strong></span> <span class='ocrx_word' id='word_1_403' title='bbox 991 2768 1091 2811; x_wconf 83' lang='lat' dir='ltr'><strong>sunt,</strong></span> <span class='ocrx_word' id='word_1_404' title='bbox 1133 2760 1300 2818; x_wconf 80' lang='grc' dir='ltr'>σφηκός</span> <span class='ocrx_word' id='word_1_405' title='bbox 1339 2766 1623 2805; x_wconf 80' lang='lat' dir='ltr'><strong>substantivum</strong></span> <span class='ocrx_word' id='word_1_406' title='bbox 1663 2767 1721 2804; x_wconf 87' lang='lat' dir='ltr'><strong>est</strong></span> <span class='ocrx_word' id='word_1_407' title='bbox 1751 2763 1926 2804; x_wconf 87' lang='lat' dir='ltr'><strong>eiusdem</strong></span> 
     </span>
    </p>
   </div>
   <div class='ocr_carea' id='block_1_3' title="bbox 314 2853 588 2859">
    <p class='ocr_par' dir='ltr' id='par_1_3' title="bbox 314 2853 588 2859">
     <span class='ocr_line' id='line_1_44' title="bbox 314 2853 588 2859; baseline 0 0"><span class='ocrx_word' id='word_1_408' title='bbox 314 2853 588 2859; x_wconf 95' lang='lat' dir='ltr'><strong> </strong></span> 
     </span>
    </p>
   </div>
   <div class='ocr_carea' id='block_1_4' title="bbox 317 2897 1927 2985">
    <p class='ocr_par' dir='ltr' id='par_1_4' title="bbox 317 2897 1927 2985">
     <span class='ocr_line' id='line_1_45' title="bbox 418 2897 1927 2943; baseline 0 -15"><span class='ocrx_word' id='word_1_409' title='bbox 418 2897 472 2939; x_wconf 76' lang='lat'><strong>14)</strong></span> <span class='ocrx_word' id='word_1_410' title='bbox 497 2899 653 2929; x_wconf 86' lang='lat' dir='ltr'><strong>Potestne</strong></span> <span class='ocrx_word' id='word_1_411' title='bbox 678 2900 853 2930; x_wconf 88' lang='lat' dir='ltr'><strong>cohaerere</strong></span> <span class='ocrx_word' id='word_1_412' title='bbox 877 2910 951 2931; x_wconf 88' lang='lat' dir='ltr'><strong>cum</strong></span> <span class='ocrx_word' id='word_1_413' title='bbox 983 2899 1146 2930; x_wconf 87' lang='lat' dir='ltr'><strong>vocabulo</strong></span> <span class='ocrx_word' id='word_1_414' title='bbox 1184 2898 1328 2943; x_wconf 80' lang='grc' dir='ltr'>βέρβερι,</span> <span class='ocrx_word' id='word_1_415' title='bbox 1364 2909 1429 2939; x_wconf 88' lang='lat' dir='ltr'><strong>quo</strong></span> <span class='ocrx_word' id='word_1_416' title='bbox 1466 2900 1538 2930; x_wconf 86' lang='lat' dir='ltr'><strong>Indi</strong></span> <span class='ocrx_word' id='word_1_417' title='bbox 1571 2900 1729 2930; x_wconf 80' lang='lat' dir='ltr'><strong>concham</strong></span> <span class='ocrx_word' id='word_1_418' title='bbox 1763 2898 1927 2938; x_wconf 70' lang='lat' dir='ltr'><strong>quandam</strong></span> 
     </span>
     <span class='ocr_line' id='line_1_46' title="bbox 317 2944 1447 2985; baseline 0.001 -11"><span class='ocrx_word' id='word_1_419' title='bbox 317 2944 487 2983; x_wconf 83' lang='lat' dir='ltr'><strong>appellare</strong></span> <span class='ocrx_word' id='word_1_420' title='bbox 511 2944 683 2975; x_wconf 80' lang='lat' dir='ltr'><strong>solebant?</strong></span> <span class='ocrx_word' id='word_1_421' title='bbox 709 2944 758 2975; x_wconf 83' lang='lat' dir='ltr'><strong>Cf.</strong></span> <span class='ocrx_word' id='word_1_422' title='bbox 783 2946 1005 2977; x_wconf 80' lang='lat' dir='ltr'><strong>Androsthen.</strong></span> <span class='ocrx_word' id='word_1_423' title='bbox 1031 2947 1117 2985; x_wconf 85' lang='lat' dir='ltr'><strong>apud</strong></span> <span class='ocrx_word' id='word_1_424' title='bbox 1142 2946 1262 2978; x_wconf 86' lang='lat' dir='ltr'><strong>Athen.</strong></span> <span class='ocrx_word' id='word_1_425' title='bbox 1287 2946 1337 2976; x_wconf 82' lang='lat'><strong>111</strong></span> <span class='ocrx_word' id='word_1_426' title='bbox 1362 2947 1404 2977; x_wconf 79' lang='lat'><strong>93</strong></span> <span class='ocrx_word' id='word_1_427' title='bbox 1419 2948 1447 2975; x_wconf 87' lang='lat' dir='ltr'><strong>b.</strong></span> 
     </span>
    </p>
   </div>
  </div>
 </body>
</html>
