2144 3412
900 227 1181 272 -95-

238 353 441 412 ουμένους
481 352 595 411 πρὸς
631 352 864 408 χελωνίδος
902 354 1174 411 πολυκρότοι
1207 352 1379 412 ψόφον,
1412 357 1451 399 h.
1484 370 1516 398 e
1546 355 1691 398 multos
1738 369 1853 398 sonos

237 416 398 456 edentis.

351 466 600 526 προσηνής]
631 471 676 511 fr.
701 472 763 518 15,
785 472 810 512 2
839 464 1018 512 ἀστοῖσι
1048 466 1290 540 προσηνίός
1311 472 1406 513 Hes.
1439 466 1676 527 προσηνής·
1709 483 1851 538 προσ·

237 524 378 584 φιλιᾝς
397 551 452 558 -
482 525 718 583 προσηνές·
749 524 894 569 καλόν.
924 523 1015 584 niv.
1037 525 1242 579 ἐπιεικές,
1263 522 1447 596 ἀγαθόν,
1471 529 1625 597 πρᾷον,
1651 524 1848 584 χρηστόν.

239 609 295 614 -
315 585 427 626 Pind.
447 585 491 627 P.
512 586 574 626 III
596 587 649 626 52
679 599 780 635 τοις
799 583 848 626 δὲ
869 562 1095 637 προσανέα
1123 586 1196 638 (sc.
1227 582 1456 641 φάρμακα)
1487 583 1706 636 πίνοντας,
1739 586 1774 626 X
1795 586 1849 627 64

235 639 443 683 πέποιθα
473 638 593 698 ξενίᾳ
624 642 848 697 προσανέι.
878 644 925 684 In
955 655 1068 695 prosa
1101 645 1273 685 oratione
1294 644 1440 714 legItur
1458 644 1566 685 velut
1596 645 1688 684 Her.
1710 645 1750 685 11
1773 644 1850 684 94:

240 695 334 740 ἔστι
364 696 414 740 δὲ
443 699 549 740 πῖον
578 701 649 751 (sc.
680 696 997 754 σιλλικύπριον)
1041 697 1114 741 καὶ
1158 694 1283 742 οὐδὲν
1311 692 1445 770 ἧσσον
1488 702 1565 742 τοῦ
1608 697 1754 742 ἐλαίου
1790 701 1852 769 τῷ

242 752 378 825 λίχνῳ
418 754 646 812 προσηνές,
676 758 795 799 Thuc.
825 758 881 799 Vl
911 757 987 799 77:
1015 759 1112 807 τοῖς
1140 755 1190 799 δὲ
1230 753 1289 807 ὡς
1318 771 1524 808 εκαστοις
1552 773 1595 799 τι
1637 756 1853 814 προσηνὲς

236 811 284 855 λε’
311 826 442 863 οντες.

285 826 310 868 y
349 867 535 924 πώγων.]
575 872 620 913 fr.
642 872 708 919 21,
731 872 755 912 9
786 873 834 913 de
861 873 1070 913 Artemone
1104 867 1292 926 πωγωνά
1312 865 1355 912 τ’
1386 869 1694 926 ἐκτετιλμένος.
1726 872 1851 913 Voca-

237 929 372 969 bulum
411 928 557 980 legitur
596 931 698 981 apud
736 929 973 970 Herodotum
1014 928 1138 982 (velut
1175 931 1194 970 I
1237 930 1339 976 175,
1380 930 1479 970 VIII
1525 930 1647 981 104),
1693 931 1852 982 saepius

238 987 340 1038 apud
383 986 692 1038 Aristophanem.
750 986 902 1037 Tragici
947 989 1082 1038 poetae
1122 987 1308 1027 translate
1352 989 1502 1027 tantum
1548 999 1592 1027 eo
1633 988 1694 1027 usi
1738 990 1850 1027 sunt:

237 1042 382 1084 Aesch.
403 1045 475 1095 Ag.
506 1043 588 1084 293
603 1039 783 1109 ,φλογός
805 1057 864 1083 πιι
854 1039 1004 1110 ι’γωνα,
1035 1043 1128 1084 Eur.
1159 1044 1204 1083 fr.
1235 1043 1318 1084 836
1339 1039 1547 1111 πώγωνα
1571 1039 1721 1099 πυρός.
1753 1044 1851 1086 Pon.

239 1100 380 1197 ΙΙλ88ῑ
408 1097 454 1140 ἐν
490 1097 539 1141 δὲ
567 1100 620 1156 τῆ
649 1096 869 1155 τραγῳδίᾳ
898 1095 1058 1153 πώγων
1088 1114 1226 1152 πιρος
1255 1095 1281 1155 ἦ
1311 1113 1374 1149 εις
1413 1098 1491 1152 οξυ
1521 1094 1745 1157 ἆναόρομὴ
1774 1099 1853 1157 τῆς

240 1170 275 1212 φ
303 1152 416 1211 ογός.

237 1264 283 1311 ὁ»
314 1210 1436 1340 {0023ssss0{“(¹32mv1¹3}¹¹¹¹‘11332¹¹‘}0ffl12¹¹225¹&ss
1454 1211 1852 1341 33333425‘233

237 1329 398 1369 Inversa
437 1331 632 1369 structura
670 1329 765 1369 dicit
804 1331 1003 1369 Anacreon
1041 1330 1105 1375 (fr.
1137 1329 1232 1380 74):
1275 1325 1358 1382 ἐγω
1397 1326 1447 1371 δὲ
1485 1327 1626 1383 μισέω
1667 1325 1851 1382 πάντας,

237 1381 335 1426 ὅσοι
362 1381 569 1436 χθονίους
597 1380 742 1436 ἔχοισι
772 1383 960 1439 ῥυσμοὺς
990 1383 1064 1426 καὶ
1099 1383 1319 1453 χαλεπούς
1348 1382 1416 1438 (οι
1443 1390 1481 1428 et
1510 1383 1706 1456 ῥυθμούς
1735 1387 1851 1428 libri.

240 1455 315 1484 em.
345 1443 519 1495 Bergk).
579 1443 635 1484 cf.
665 1443 835 1510 llheogu.
867 1443 974 1509 963ε
1003 1439 1063 1499 μή
1094 1437 1199 1484 ποτ’
1234 1439 1485 1514 ἑπαινῇσιῃς,
1517 1442 1624 1513 πρὶν
1654 1459 1707 1486 αν
1735 1440 1854 1502 εἰδῇς

241 1494 377 1553 ἄνδρα
407 1496 645 1555 σαφηνέως,
675 1493 803 1556 ὀργὴν
833 1498 908 1540 καὶ
940 1498 1110 1555 ῥυθμὸν
1129 1498 1205 1542 καὶ
1224 1515 1392 1554 τροπον
1412 1495 1552 1543 ὅντιν’
1575 1498 1672 1553 ἔχει.
1711 1470 1852 1543 Tribus

240 1557 304 1597 his
333 1558 428 1598 locis
458 1559 621 1598 eandem
651 1559 843 1598 notionem
876 1558 994 1598 habet
1014 1558 1266 1599 vocabulum:
1297 1560 1495 1626 significat
1523 1560 1693 1601 hominis
1712 1572 1850 1611 mores,

240 1615 569 1655 consuetudinem.
600 1637 653 1644 —
698 1615 787 1655 Her.
821 1615 853 1654 V
885 1615 937 1655 58
981 1647 988 1655 .
1020 1647 1028 1656 .
1061 1648 1070 1658 .
1099 1613 1210 1669 μετὰ
1250 1614 1300 1657 δὲ
1337 1611 1492 1684 χρόνου
1533 1613 1850 1686 προβαίνοντος

241 1667 335 1725 ἅμα
354 1670 417 1739 τῇ
426 1672 549 1729 φωνῇ
577 1668 815 1725 μετέβαλον
836 1671 1011 1725 (Graeci)
1033 1670 1107 1714 καὶ
1136 1670 1212 1714 τὸν
1241 1672 1403 1728 ῥυσμὸν
1425 1674 1614 1729 (ρυθμον
1633 1675 1743 1727 libri)
1764 1689 1850 1715 των

239 1725 518 1783 γραμμάτων,
548 1742 600 1770 sc.
633 1730 794 1770 formam
825 1729 1054 1776 litterarum.
1095 1743 1261 1784 quarum
1302 1733 1505 1773 scientiam
1535 1744 1560 1773 a
1588 1732 1850 1773 Phoenicibus
1904 1770 1908 1774 ,

238 1790 476 1854 acceperant
543 1788 700 1828 Aristot.
739 1788 787 1828 de
833 1788 962 1827 anima
1003 1788 1033 1838 Ι,
1065 1789 1090 1828 2
1133 1801 1167 1840 p.
1200 1788 1327 1837 404a,
1369 1790 1395 1830 7
1439 1786 1603 1830 τούτων
1652 1789 1722 1843 (sc.
1767 1790 1852 1830 τῶν

240 1836 429 1897 ἀτόμων)
460 1840 509 1885 δὲ
539 1841 594 1885 τὰ
635 1842 890 1912 σφαιροειδν
923 1841 1083 1913 ψυχήν,
1129 1842 1203 1886 δια
1245 1860 1296 1886 το
1335 1844 1528 1900 μάλιστα
1569 1844 1643 1888 διὰ
1687 1845 1852 1896 παντὸς

241 1858 462 1942 δύνασθαι
491 1896 709 1942 διαδύνειν
736 1899 839 1951 τούς
868 1897 1089 1951 τοιούτοις
1119 1899 1320 1957 ῥυσιιιούς,
1364 1901 1439 1945 καὶ
1466 1905 1602 1946 κινεῖν
1631 1918 1685 1945 τα
1713 1902 1849 1946 λοιπὰ

239 1953 468 2011 κινοίμενα
516 1956 591 2000 καὶ
640 1952 763 2000 αὐτοί.
822 1959 932 2009 Quod
980 1961 1211 2001 vocabulum
1261 1961 1338 2001 alio
1380 1962 1463 2002 loco
1509 1962 1792 2014 (Metapbys.1
1824 1963 1849 2002 4

239 2028 275 2067 p.
307 2015 436 2064 9851»,
470 2013 707 2064 16;V112
738 2029 775 2070 p.
809 2016 965 2068 1042b,
999 2017 1069 2071 14)
1100 2030 1170 2069 per
1200 2019 1341 2074 σχῆμα
1371 2020 1659 2087 interpretatur.
1718 2019 1849 2060 Philo-

240 2085 363 2124 ponus
392 2072 438 2113 B.
469 2073 532 2113 fol.
564 2073 640 2121 7b,
671 2075 736 2127 qui
767 2075 901 2115 eodem
941 2075 1054 2116 modo
1084 2076 1207 2123 vertit,
1249 2079 1360 2117 vocat
1388 2073 1508 2128 λέξιν
1531 2070 1849 2133 Ἀβδηριτικήν.

238 2129 487 2171 Democritus
516 2132 638 2183 igitur
667 2131 740 2172 hoo
769 2131 956 2173 vocabulo
986 2134 1215 2184 saepissime
1246 2146 1342 2174 usus
1372 2146 1458 2175 esse
1478 2135 1631 2175 videtur
1661 2134 1722 2187 (cf.
1746 2135 1851 2175 velut

240 2187 285 2228 fr.
310 2186 390 2230 167
410 2186 588 2254 Natorp.)
610 2190 648 2229 et
663 2189 875 2230 Abderiten
894 2190 1099 2242 scripsisse
1129 2188 1232 2243 περὶ
1254 2189 1340 2231 τῶν
1360 2187 1656 2247 διαφερόντων
1677 2193 1850 2246 ῥυσιιῶν

240 2246 277 2285 et
306 2241 409 2299 περὶ
438 2238 779 2300 ἀμειψιρισμῶν
799 2246 996 2299 Diogenes
1018 2247 1198 2288 Laertius
1219 2248 1293 2299 (IX
1314 2248 1387 2300 47)
1406 2251 1517 2290 testis
1538 2253 1608 2291 est.
1640 2250 1849 2290 Abderitae

240 2304 370 2343 autem
402 2306 440 2343 et
468 2302 551 2344 'I'eii
581 2305 716 2345 eodem
746 2316 923 2345 sermone
953 2306 1014 2345 usi
1044 2308 1144 2346 sunt.

352 2355 530 2429 σατίνη.]
559 2360 700 2407 fr.21.
735 2361 785 2402 10
827 2361 899 2402 νῦν
942 2355 989 2401 δ’
1036 2357 1253 2414 επιβαίνει
1295 2359 1505 2404 σατινέων
1549 2364 1597 2405 de
1628 2365 1848 2405 Artemone.

239 2416 329 2457 Hes.
360 2412 560 2459 σατίναι·
590 2431 637 2459 αι
632 2411 838 2486 ἅμαξαι.
870 2418 908 2459 h.
930 2419 1024 2460 Ven.
1050 2419 1099 2460 13
1121 2420 1297 2460 Minerva
1318 2420 1495 2461 homines
1518 2422 1647 2462 docuit
1669 2433 1847 2477 ποινσαι

238 2469 417 2523 σατίνας
445 2487 491 2515 τε
522 2471 595 2516 καὶ
624 2469 800 2529 ἅρματα
829 2472 1013 2517 ποικίλα
1040 2475 1202 2531 χαλκιιῦ.
1247 2477 1337 2518 Eur.
1359 2477 1446 2518 Hel.
1471 2478 1575 2518 1311
1609 2457 1793 2533 θνριῗιν(
1778 2473 1850 2519 ότε

241 2526 410 2584 ζυγίους
439 2526 625 2584 ζεύξασα
655 2530 742 2575 dec}
771 2528 963 2583 σατίνας.
1002 2559 1012 2563 —
1035 2560 1045 2563 -
1092 2534 1333 2575 Vocabulum
1362 2538 1466 2577 recte
1496 2537 1696 2602 coniungit
1723 2536 1850 2578 Mehl·

239 2588 401 2629 hornins
430 2589 494 2642 (cf.
515 2591 653 2631 Anser.
674 2603 711 2643 p.
735 2590 836 2644 227)
867 2603 956 2632 cum
989 2591 1061 2632 hac
1090 2591 1222 2644 glossa
1243 2592 1432 2645 Hesychii
1463 2587 1619 2634 σάσαι·
1649 2589 1848 2636 καθίσαι.

239 2640 316 2686 Πα’
370 2659 425 2687 οι.

316 2658 523 2753 Wtrafflog.
553 2703 593 2746 h.
612 2703 731 2746 More.
755 2705 807 2747 28
839 2702 977 2747 σαῑλα
998 2702 1132 2747 ποσὶν
1151 2701 1375 2758 βαίνοισα,
1406 2707 1455 2747 de
1474 2708 1668 2749 testudine
1688 2708 1848 2756 dictum,

238 2772 338 2813 qnae
367 2761 552 2802 incedens
581 2773 744 2814 pronum
776 2764 947 2831 corporis
975 2765 1126 2816 pondus
1159 2764 1235 2804 huc
1266 2764 1326 2805 vel
1359 2763 1453 2805 illuc
1474 2765 1664 2814 domitum
1695 2765 1847 2807 Semon

237 2818 277 2858 in
310 2818 370 2860 Et.
400 2818 451 2859 Μ.
483 2818 576 2867 270,
607 2818 662 2860 44
705 2816 1093 2888 διασαυλοίημενος
1135 2816 1425 2889 ᾁβρυνόμενος
1463 2818 1537 2863 καὶ
1578 2818 1849 2892 διαθρυπτό-

234 2888 375 2942 μενος.
408 2873 529 2928 παρὰ
558 2889 634 2917 τον
660 2875 832 2927 σαῦλον,
863 2892 938 2918 τον
967 2875 1182 2946 τρυφερὸν
1213 2875 1287 2919 καὶ
1316 2878 1485 2947 γαῦρον.
1518 2876 1772 2947 Σημωνίδης
1800 2876 1846 2921 ἐν

237 2927 416 2987 ια’μβοις
445 2931 635 2986 (1118)·
672 2932 744 2976 καὶ
791 2933 930 2977 σαῦλα
959 2931 1123 2989 βαινων
1153 2934 1299 2986 ἰἰιπος
1328 2931 1389 2986 ὡς
1418 2950 1678 2993 κορωνιτι]ς;
1712 2940 1848 2980 Anacr.
