2144 3412
951 229 1233 272 -70-

289 355 452 396 libidine
492 354 694 422 trepidant.
755 354 810 395 Of
841 355 932 396 Hes.
963 350 1327 398 ἱποακταίνοντο·
1370 350 1570 426 ἔτρεμον.
1607 350 1897 398 ἀκταίνουσα·

289 410 519 479 τρέμοισα.
564 426 587 466 η
624 404 836 466 ἀσφαλῶς
875 413 1104 468 κρατοῦσα.
1147 407 1513 463 ὖπακταινούσας·
1554 408 1896 468 υποτρεμούσας.

291 463 575 510 ἀπακταίνειν
603 472 734 509 autem
766 469 813 509 de
844 481 886 510 eo
918 471 1071 519 dieitur,
1101 472 1169 537 qui
1199 483 1242 511 ee
1263 482 1505 512 commovere
1534 484 1610 512 non
1631 474 1777 523 potest:
1806 471 1900 514 Hes.

291 522 591 567 ἀπἀκταινων·
635 520 659 566 ὁ
699 526 920 568 κινεῖσθαι
960 524 1020 594 μὴ
1057 523 1305 581 δυνάμενος.
1351 549 1406 557 -
1451 527 1543 569 Alia
1581 541 1733 595 quoque
1777 527 1901 569 forma

291 587 413 625 exstat
454 576 675 634 ἅκταίζειν
714 583 825 634 (Hes.
865 577 1103 652 ἀκταίζων·
1149 617 1159 626 .
1192 617 1202 626 .
1234 616 1244 626 .
1283 581 1572 652 μετεωρίζων)
1615 590 1652 626 et
1693 579 1902 636 ἀκτάζειν

290 641 369 693 (Et.
412 640 464 682 M.
496 640 562 689 54,
594 640 646 681 39
679 633 901 691 ἆκτάζων·
947 635 1044 683 ἀντὶ
1088 643 1163 684 τοῦ
1208 637 1572 696 ἐξανιστάμενος).
1614 666 1668 672 -
1711 641 1899 684 vocabuli

293 698 528 765 etymologia
557 697 787 750 ignotaw).

407 748 622 810 ἄμυστις]
655 756 700 797 fr.
735 755 799 804 63,
822 756 846 796 2
878 751 991 805 ὅκως
1021 750 1204 809 ἄμυστιν
1233 751 1428 810 προπίω,
1458 758 1559 809 quod
1589 760 1702 809 poeta
1731 770 1765 797 v.
1787 756 1812 797 9
1844 757 1903 797 sie

293 813 598 854 circumscribit:
641 810 858 868 Σκυθικὴν
889 808 1033 854 πόσιν.
1092 813 1285 854 Thracum
1315 815 1437 866 igitur
1480 825 1625 854 morem
1670 826 1755 855 ease
1799 814 1901 855 haue

292 872 486 922 potionem
530 871 688 921 indicat,
728 882 844 923 quem
884 872 1061 911 Abderae
1101 883 1190 911 oum
1232 874 1335 912 esset
1375 872 1538 912 fortasse
1579 873 1768 923 cognovit,
1812 882 1902 912 nam

290 928 462 979 primum
482 929 586 995 apud
608 939 698 968 eum
717 929 913 968 invenitur
933 928 1173 969 vocabulum.
1206 928 1261 969 Of.
1274 927 1424 969 Gallim.
1421 929 1550 995 apud
1570 928 1708 969 Athen.
1723 928 1756 968 X
1772 927 1903 968 442ιε

291 981 367 1025 καὶ
412 981 501 1052 γὰρ
525 979 548 1025 ὁ
583 980 789 1040 Θρηικίην
832 982 913 1054 μὲν
955 979 1170 1039 ἀπέστυγε
1210 982 1369 1036 χανδὸν
1414 979 1599 1039 ἄμυστιν
1642 981 1903 1036 οἰνοποτεῖν,

293 1035 424 1096 ὀλίγῳ
456 1035 501 1082 δ’
533 1036 660 1097 ἥδετο
689 1038 921 1097 κισσυβίιιιςι
953 1046 990 1084 et
1011 1043 1100 1084 Hor.
1123 1055 1239 1084 earm.
1259 1043 1279 1084 I
1300 1042 1462 1091 36,14:
1493 1041 1684 1085 Bassum
1707 1041 1906 1085 Threicia

291 1099 441 1141 vincat
468 1099 688 1153 amystide,
719 1101 786 1152 qui
814 1101 1070 1141 Anacreontis
1098 1101 1217 1141 verba
1246 1101 1414 1152 respicit,
1444 1101 1491 1140 In
1521 1101 1719 1141 comoedia
1747 1101 1906 1152 saepius

295 1158 382 1198 eius
411 1159 554 1198 mentio
583 1158 646 1198 fit:
679 1158 727 1199 cf.
747 1157 855 1198 velut
883 1158 1107 1225 Epicharin.
1129 1158 1232 1226 apud
1261 1157 1402 1198 Athen.
1432 1158 1487 1198 VI
1510 1157 1623 1198 235f
1650 1159 1696 1198 de
1717 1158 1906 1226 parasito:

293 1207 396 1255 ἀλλ’
442 1209 591 1282 ἔμπας
621 1210 695 1255 ὅδε
737 1210 924 1268 α’μυστιν
964 1209 1116 1268 ω’σπερ
1145 1210 1298 1256 κύλικα
1329 1210 1446 1255 πίνει
1475 1210 1659 1268 κυ’μβιον
1688 1211 1782 1266 (τὸν
1808 1210 1907 1283 βίον

292 1271 405 1312 libri.
436 1274 532 1312 coni.
562 1272 738 1320 Ahrens,
779 1273 826 1312 ef.
855 1272 995 1312 Athen.
1026 1273 1080 1313 XI
1102 1272 1239 1312 48111:
1282 1268 1444 1325 κυμβία
1474 1287 1527 1313 τα
1558 1270 1687 1312 κοῖλα
1718 1266 1906 1327 ποτήρια

294 1325 369 1370 καὶ
407 1342 543 1383 μικρα
574 1325 862 1383 Σιμάριστος·
902 1330 943 1371 ιι.
973 1342 1004 1370 e.
1035 1331 1228 1382 parasitus
1269 1341 1385 1370 vorax
1426 1341 1610 1381 magnum
1652 1329 1833 1382 poculum
1864 1331 1909 1371 ιιι

294 1399 460 1439 parvum
490 1387 619 1438 bibit).
649 1387 697 1427 In
727 1387 856 1428 Rheso
888 1387 1031 1432 fabula.
1061 1399 1160 1439 quae
1190 1387 1396 1438 permultis
1425 1388 1466 1428 in
1495 1388 1612 1428 rebus
1641 1388 1690 1427 ad
1710 1387 1905 1427 Thracum

295 1456 423 1485 mores
442 1445 552 1492 redit,
582 1445 645 1485 bis
665 1446 1006 1485 commemoratur:
1037 1457 1072 1484 v.
1090 1444 1172 1484 419
1194 1444 1302 1493 (oum
1323 1444 1474 1494 schol..)
1496 1443 1589 1484 438.
1621 1444 1904 1512 Etymologiam

296 1503 401 1543 dedit
428 1501 655 1542 Athenaeus
683 1502 739 1542 XI
769 1501 912 1542 783d:
951 1499 1147 1542 καλεῖται
1178 1498 1258 1554 μὲν
1288 1495 1398 1542 οὕτω
1429 1496 1563 1550 πόσις
1592 1515 1671 1550 τις,
1703 1515 1751 1557 ην
1784 1513 1905 1542 εστιν

295 1552 508 1600 απνευστὶ
539 1554 683 1600 πίνειν
709 1556 770 1614 μὴ
810 1553 1019 1612 μύσαντα.
1077 1559 1263 1599 Derivata
1303 1562 1394 1599 sunt
1422 1552 1582 1612 αμυστὶ
1614 1529 1756 1599 πίνειν
1785 1561 1898 1603 (Ana-

297 1619 438 1658 oreont.
468 1616 506 1664 8,
528 1617 573 1665 2;
609 1617 672 1664 17,
703 1617 750 1665 2,
780 1615 887 1657 Suid.
917 1629 946 1657 s.
977 1629 1032 1657 v.:
1065 1648 1073 1656 .
1131 1612 1232 1657 ,καὶ
1262 1609 1425 1670 ἀμυστὶ
1461 1612 1730 1671 Φερεκράτης
1758 1608 1902 1668 εἶπεν)

297 1677 336 1715 et
365 1667 588 1741 ἀμυστίζω
620 1674 732 1725 (Eur.
763 1674 869 1726 Gyol.
901 1673 1014 1727 565).

412 1725 756 1798 ἀναβασσαρέω.]
786 1732 834 1773 V
859 1744 890 1773 s.
922 1726 1162 1798 Βασσαρίς.

415 1782 724 1840 ἅνασταλύζω.]
755 1789 800 1829 fr.
822 1788 888 1836 43,
910 1789 935 1828 4
966 1782 1248 1855 ἅνασταλύζω
1277 1785 1407 1840 θαμὰ
1432 1783 1657 1855 Τάρταρον
1686 1783 1905 1840 δεδοικώς,

300 1847 338 1887 ιι.
384 1859 414 1887 e.
459 1859 573 1898 gemo
615 1847 816 1887 Tartarum
864 1848 1017 1887 timens.
1089 1846 1180 1886 Hes.
1212 1839 1442 1896 ἀσταλύζει
1485 1840 1749 1913 (ἀστυλοὶζει
1785 1845 1909 1915 eod.)·

300 1902 540 1971 λυπεῖ(ται)
571 1900 682 1971 μετὰ
710 1902 941 1957 κλαυθμοῦ
961 1904 1008 1954 (α
1037 1905 1077 1943 ιιι
1106 1904 1217 1943 ιιιιιιο
1238 1906 1296 1944 est
1323 1903 1582 1955 prothetioum
1602 1905 1674 1944 ιιι
1664 1916 1703 1944 ιιι
1723 1896 1912 1955 ἀσταχύς

298 1981 354 1996 =
385 1957 554 2013 σταχύς,
586 1955 795 2016 ασπαίρω
824 1980 881 1994 =
910 1956 1116 2013 σπαίρω).

413 2016 609 2071 ἀναχέω.]
654 2020 699 2060 fr.
743 2019 796 2059 42
838 2013 884 2059 ὲν
923 2016 1078 2086 κελέβῃ
1120 2014 1250 2058 πέντε
1280 2014 1374 2083 (τε)
1384 2014 1457 2058 καὶ
1497 2015 1615 2071 τρεῖς
1651 2011 1912 2068 ἀναχείσθω.

298 2071 381 2118 ἆνα
413 2077 478 2118 ιιιο
507 2078 800 2118 distributivum
831 2078 906 2116 est:
948 2071 1035 2117 εἰσὶ
1075 2071 1155 2128 γὰρ
1195 2075 1313 2130 τρεῖς
1348 2067 1430 2115 ἀνα
1474 2072 1622 2123 πέντε;
1662 2078 1742 2116 tres
1781 2077 1912 2127 partes

299 2133 416 2188 (vini)
448 2147 535 2175 eum
567 2135 719 2174 duabus
749 2132 907 2187 (aquae)
939 2134 1115 2185 partibus
1144 2133 1556 2174 eommisoenter.1n
1586 2125 1760 2173 nuuieris
1780 2128 1911 2173 πέντε

300 2189 375 2233 καὶ
404 2192 535 2246 τρεῖς,
581 2204 670 2232 oum
714 2193 819 2232 certa
861 2202 1044 2231 mensura
1087 2189 1351 2241 intellegenda
1391 2190 1452 2234 sit,
1496 2201 1564 2241 pro
1609 2189 1911 2242 singularitem

301 2262 462 2291 numero
506 2250 672 2302 quisque
711 2249 888 2300 ponitur;
928 2241 1180 2298 αναχείσθω
1222 2247 1345 2313 igitur
1386 2247 1488 2298 quod
1529 2247 1754 2287 Athenaeus
1795 2247 1913 2287 tradit

302 2309 498 2375 integrum
527 2308 691 2347 videtur.
721 2328 776 2334 —
809 2305 986 2346 Similem
1017 2306 1097 2345 vim
1128 2304 1247 2344 habet
1277 2296 1567 2371 ἀναμείγνιμι.
1615 2303 1656 2343 Ω
1686 2304 1767 2345 527
1798 2301 1914 2345 δοιοὶ

301 2360 382 2419 γάρ
426 2378 472 2404 τε
523 2360 660 2404 πιθοι
711 2358 991 2403 κατακείαται
1034 2358 1079 2402 ἐν
1119 2358 1229 2409 Διὸς
1271 2355 1388 2402 ούόει
1428 2358 1581 2413 διείρων
1625 2352 1699 2403 οἷα
1738 2356 1912 2429 δίδωσι,

301 2420 458 2472 κακῶν,
481 2417 627 2490 ε’τερος
643 2417 732 2462 δὲ’
711 2416 835 2462 εάων.
840 2411 902 2487 ᾧ
919 2416 1004 2488 μέν
1020 2412 1064 2460 κ’
1089 2412 1307 2487 ἀμμείξας
1327 2415 1416 2487 διάη
1437 2415 1546 2467 Ζεὺς
1565 2414 1913 2474 τερπικέραυνος,

305 2475 459 2520 ἄλλοτε
488 2476 568 2532 μέν
597 2492 643 2519 τε
671 2479 792 2533 κακῶ
823 2473 847 2518 ὅ
876 2490 922 2531 γε
953 2473 1140 2531 κύρεται,
1170 2471 1327 2517 αλλοτε
1357 2458 1401 2516 ὁ
1432 2472 1599 2530 ἐσθλῷ,
1630 2476 1667 2516 ιι.
1699 2488 1729 2517 e.
1760 2477 1912 2517 duabus

305 2539 352 2578 de
383 2537 582 2588 amphoris
611 2548 679 2588 pro
719 2517 892 2602 portione
935 2536 970 2576 ei
1009 2536 1242 2575 admiscens
1302 2533 1357 2575 Cf.
1387 2534 1523 2573 Auaor.
1554 2535 1601 2575 fr.
1633 2534 1686 2574 '77
1716 2525 1810 2574 ευτέ
1836 2545 1913 2587 μοι

304 2591 450 2635 λευκαὶ
478 2587 706 2650 μελαίνῃσ’
739 2587 1101 2647 ἀναμεμείξονται
1130 2587 1287 2645 τρίχες.

399 2762 456 2818 26)
481 2766 531 2796 De
558 2760 750 2805 outonem-aiv
753 2773 835 2802 οντο,
839 2763 948 2803 quod
973 2772 1061 2794 seme
1045 2763 1075 2792 el
1099 2762 1266 2794 invenitur
1290 2762 1324 2792 in
1350 2761 1501 2801 Odyssea
1523 2759 1565 2805 (ψ
1590 2759 1635 2804 3),
1669 2761 1746 2792 vide
1768 2762 1809 2794 A.
1826 2762 1915 2794 Lud-

307 2811 391 2841 wich
424 2811 457 2840 in
491 2811 531 2842 N.
565 2810 684 2842 Jahrb.
718 2810 740 2840 f.
775 2809 859 2840 Phil.
899 2811 959 2840 151
998 2808 1114 2852 (1895)
1145 2818 1178 2848 p.
1206 2810 1237 2849 1,
1271 2807 1329 2847 qui
1364 2811 1458 2839 veter
1442 2817 1514 2838 rum
1547 2806 1832 2847 interpretationes
1866 2807 1914 2839 ibi

307 2857 501 2895 composuit
540 2856 612 2886 Hoc
637 2866 672 2886 ce
675 2852 724 2890 rte
747 2855 958 2886 memorabile
975 2860 1026 2885 est
1043 2854 1268 2885 Aristarchum
1283 2851 1410 2896 (Apoll.
1428 2853 1528 2892 Soph.
1549 2854 1623 2891 158,
1642 2851 1678 2894 9)
1701 2856 1734 2883 et
1750 2853 1915 2885 Cratetem

306 2901 372 2957 (Et.
409 2902 651 2941 M.779,10)
690 2911 747 2932 ver
734 2901 828 2932 rbum
862 2901 905 2932 ab
942 2901 1055 2932 eadem
1088 2900 1189 2939 stirpe
1224 2908 1297 2932 esse
1332 2899 1548 2931 derivandum
1584 2899 1760 2936 censuisse,
1795 2907 1816 2929 a
1849 2908 1916 2939 qua

307 2943 457 2981 α’κταίνω
481 2947 611 2986 pendet,
637 2956 836 2986 quamquam
861 2947 901 2978 de
926 2947 996 2978 eius
1031 2945 1226 2977 formatione
1259 2946 1390 2976 illorum
1426 2945 1588 2976 sententie
1613 2944 1727 2975 eadem
1750 2953 1815 2975 non
1842 2945 1913 2976 fuit.
