2144 3412
947 251 1238 294 ..3ss-

286 382 420 422 eodem
451 383 553 422 enim
583 381 828 434 anthologiae
866 382 965 423 libro
996 386 1082 435 post
1112 385 1232 436 epigr.
1265 383 1346 424 213
1379 387 1586 438 repetitum
1629 386 1783 438 legitur,
1825 387 1894 427 ubi

286 455 475 496 Simonidi
518 456 712 496 tribuitur.
785 455 991 497 Praeterea
1034 460 1189 510 propter
1231 460 1384 510 tempus
1425 470 1574 512 qnoque
1624 461 1786 501 dubium
1829 463 1897 501 est.

286 529 387 570 Nam
428 531 530 570 idem
574 533 632 570 est
661 530 879 579 Leocrates,
923 532 991 583 qui
1021 531 1121 572 bello
1151 544 1186 573 a.
1218 532 1299 573 457
1330 533 1380 573 ab
1421 533 1726 576 Atheniensibus
1767 537 1898 575 contra

286 605 496 656 Aeginetae
526 606 636 656 gesto
665 607 843 657 praeerat
872 605 939 656 (cf,
969 605 1087 646 Thuc.
1120 606 1139 646 1
1173 606 1283 658 105).

403 677 495 719 145.
545 679 799 720 Anacreontis
829 691 904 720 non
936 681 1004 721 est.

401 751 482 793 346
516 752 590 804 (=
624 753 704 794 112
734 753 813 805 B.).

400 827 528 868 Versu
571 828 685 869 tertio
725 829 817 880 quia
861 828 1005 880 legitur
1035 821 1296 882 Εὐωνυμέων
1339 824 1403 870 ἑνὶ
1446 824 1581 885 δήμῳ,
1623 833 1764 872 atticae
1811 843 1895 872 esse

287 902 451 954 originis
495 903 736 955 epigramma
779 905 928 943 constat
969 901 1034 956 (cf.
1078 904 1180 943 enim
1221 903 1315 945 Hes.
1358 896 1607 958 Εὐώνυμον·
1651 937 1660 946 .
1685 937 1692 944 .
1717 936 1728 946 .
1760 903 1896 962 δῆμος

289 973 426 1032 φυλῆς
455 976 530 1033 τῆς
554 970 847 1033 Ἐρεχθηίδος;
891 973 1123 1033 δημοτικόν
1163 980 1221 1019 est
1260 971 1524 1032 Εὐωνυμεύςε
1565 979 1611 1021 cf.
1643 979 1774 1032 Steph.
1803 980 1895 1033 Byz.

286 1063 317 1091 s.
339 1043 620 1106 Εὗωνύμεια),
650 1064 777 1105 neque
798 1055 886 1094 ante
908 1052 1033 1106 508)7
1055 1052 1152 1094 haec
1174 1053 1272 1093 dona
1292 1053 1485 1094 Mercurio
1516 1066 1539 1094 a
1566 1053 1689 1094 'l'ellia
1710 1050 1894 1107 (τέλαιαι

284 1125 339 1165 P:
370 1138 442 1167 em.
472 1126 637 1179 Reiske)
669 1128 845 1168 dedicata
885 1139 981 1168 esse.
1039 1127 1122 1168 Hoc
1164 1129 1286 1180 igitur
1328 1129 1570 1180 epigramma
1599 1129 1832 1169 Anacreonti
1860 1130 1896 1169 si

284 1201 538 1241 tribuendum
569 1202 621 1241 sit
650 1201 772 1254 (quod
802 1202 959 1254 quidem
981 1202 1150 1243 dubitari
1180 1214 1294 1254 posse
1323 1202 1423 1243 mihi
1443 1203 1606 1250 videtur,
1636 1214 1726 1243 nam
1749 1204 1897 1243 certum

284 1275 368 1315 eius
397 1275 637 1316 auctoritatis
671 1278 948 1328 argumentum
980 1277 1117 1327 deest),
1160 1279 1313 1329 poetam
1341 1277 1423 1318 fere
1453 1277 1527 1318 sub
1557 1277 1715 1317 ultimos
1745 1276 1893 1317 saeculi

285 1350 383 1390 sexti
413 1361 535 1390 annos
554 1350 723 1391 Athenis
753 1351 875 1391 fuisse
907 1350 1120 1391 verisimile
1152 1353 1220 1392 est.
1252 1375 1306 1380 —
1338 1346 1562 1405 ἱμερόεντα
1591 1346 1691 1403 βίον
1721 1363 1820 1392 nova
1839 1353 1899 1392 est

286 1423 428 1464 locutio
459 1423 568 1477 (nam
598 1425 794 1465 Homerus
822 1426 975 1466 tantum
1005 1418 1174 1477 ἀγαθὸν
1203 1420 1301 1478 βίον
1330 1427 1466 1478 dixit);
1507 1429 1544 1467 et
1574 1421 1683 1481 πόρε
1713 1438 1759 1467 ex
1789 1427 1897 1479 epico

286 1511 464 1540 somene
495 1500 744 1552 desumptum
773 1501 889 1549 (redit
908 1499 1019 1540 Pind.
1042 1500 1072 1540 Ι.
1094 1500 1150 1540 VI
1180 1500 1246 1549 49,
1276 1500 1416 1541 Aesch.
1436 1498 1499 1541 Pr.
1521 1499 1632 1553 630).
1674 1493 1897 1541 εὐθύδικοι

285 1574 535 1614 nominantur
578 1566 834 1627 Εὐωνυμεῖς,
879 1587 930 1615 sc.
971 1576 1085 1615 iusti:
1130 1574 1175 1615 cf.
1216 1575 1357 1616 Aesch.
1396 1576 1469 1627 Ag.
1512 1574 1590 1615 731
1635 1569 1765 1616 οἴκων
1796 1605 1807 1615 .
1839 1606 1848 1616 .
1881 1605 1892 1615 .

285 1640 540 1700 εὐθυδίκων,
581 1648 694 1689 Eum.
727 1648 808 1689 308
852 1641 1123 1690 εἰθυδίκαιοι
1167 1641 1213 1689 δ’
1245 1642 1450 1703 εὐχόμεθ’
1491 1641 1616 1690 εἶναι.
1666 1642 1894 1690 sommia

285 1723 390 1774 apud
420 1722 728 1764 Demosthenem
759 1725 894 1765 exstat.
953 1718 1061 1765 αἰών
1089 1742 1147 1757 =
1177 1736 1335 1772 aevum;
1365 1725 1422 1765 sic
1453 1736 1605 1777 quoque
1634 1724 1838 1765 Homerus.

399 1797 478 1838 VII
511 1797 591 1839 160
623 1798 698 1848 (=
731 1798 812 1840 101
843 1798 918 1851 R).

400 1867 614 1926 πολέμοις
642 1872 766 1913 forma
796 1874 927 1914 dorica
954 1875 1110 1926 propter
1130 1873 1262 1927 σᾶμα,
1294 1874 1397 1926 quod
1429 1874 1564 1914 eodem
1593 1885 1709 1914 versu
1739 1872 1896 1926 legitur,

285 1947 446 1988 minime
478 1949 545 1987 est.
592 1947 756 1988 Formae
787 1948 892 1988 enim
921 1949 1085 1996 doricae,
1116 1959 1216 2000 quae
1246 1949 1288 1988 in
1319 1949 1611 2000 epigrammatis
1641 1948 1895 1989 Anacreontis

287 2023 437 2062 exstare
480 2022 673 2072 dicuntur,
712 2022 787 2063 hoc
817 2035 894 2063 uno
926 2025 1083 2075 excepto
1115 2022 1187 2072 (V1
1220 2022 1328 2072 135),
1370 2023 1439 2063 ubi
1480 2023 1674 2075 genuinas
1713 2034 1780 2063 eas
1809 2033 1895 2063 eme

285 2096 366 2140 iam
395 2097 578 2146 vidimus,
609 2109 743 2138 omnes
772 2098 822 2138 ad
851 2098 1068 2138 scribarum
1100 2097 1338 2148 corruptelas
1368 2098 1541 2145 redeunt,
1583 2108 1675 2137 nam
1703 2108 1894 2137 nonnum·

286 2182 404 2222 quam
434 2171 587 2223 integra
615 2183 770 2224 quoque
799 2171 922 2212 forma
951 2173 1080 2212 ionica
1118 2173 1226 2212 iuxta
1254 2171 1429 2212 traditur.
1489 2170 1746 2211 Scribendum
1775 2171 1896 2224 igitur

291 2247 350 2285 est
382 2241 564 2300 πολέμῳ
594 2258 663 2298 pro
693 2242 919 2300 πολέμοις,
950 2258 1050 2299 quae
1080 2247 1210 2287 brevis
1241 2246 1360 2286 dativi
1389 2245 1513 2286 forma
1541 2244 1614 2285 hoc
1643 2257 1780 2286 versus
1813 2244 1895 2286 loco

286 2331 360 2359 non
391 2321 619 2361 admittitur.
672 2320 728 2362 Of.
758 2322 785 2360 Ι
810 2320 862 2361 53
900 2316 1096 2375 Τυδεΐδη,
1127 2317 1231 2375 περὶ
1260 2316 1340 2374 μὲν
1369 2315 1551 2373 πολέμῳ
1581 2313 1645 2359 ἔνι
1684 2315 1892 2374 καρτερὸς

287 2388 387 2433 ἐσσί
398 2407 406 2442 ;
438 2395 577 2435 deinde
598 2407 687 2435 cum
708 2395 878 2447 Bergkio
907 2396 1138 2436 mutandum
1158 2396 1216 2435 est
1246 2390 1453 2449 καρτερὸς
1474 2385 1523 2447 ἦν
1544 2387 1607 2446 (ἐν
1628 2393 1677 2446 Ρ)
1698 2389 1895 2448 πολέμῳ,

287 2469 450 2509 verbum
480 2470 583 2509 enim
604 2470 855 2510 desideratur.
876 2491 932 2498 —
963 2469 1154 2511 Similiter
1175 2470 1272 2510 dixit
1290 2468 1430 2510 Aesch.
1450 2468 1495 2508 fr.
1522 2468 1601 2508 100
1634 2460 1734 2508 ἀλλ’
1755 2462 1896 2523 ’Ἀρης

287 2540 409 2596 φιλεῖ
439 2535 507 2584 ἀεὶ
536 2538 591 2584 τοὶ
621 2541 768 2599 λῷστα
807 2540 974 2593 παντὸς
1003 2539 1170 2598 ἐξαμᾶν
1199 2542 1399 2598 στρατοῦ.
1458 2544 1689 2583 Anacreonti
1720 2554 1798 2583 non
1827 2543 1896 2584 ab·

286 2617 467 2658 iudicem.
1170 2606 1172 2609 V

402 2691 483 2732 226
515 2689 587 2745 (=
620 2692 701 2733 100
731 2692 805 2744 R).

402 2765 656 2817 Epigramma
686 2768 754 2815 est,
796 2768 898 2820 quod
939 2768 1032 2808 fecit
1070 2769 1184 2819 poeta
1213 2767 1431 2820 Agathonis
1460 2768 1670 2809 Abderitae
1712 2767 1894 2808 manibus

284 2851 356 2890 -pro
388 2840 541 2880 civibus
570 2841 611 2880 in
640 2841 788 2892 proelio
819 2845 950 2882 contra
969 2841 1138 2882 Thraces
1166 2843 1321 2882 mortui.
1378 2842 1538 2883 Poetam
1567 2842 1744 2883 Abderae
1773 2840 1894 2881 fuisse

290 2925 379 2953 cum
422 2915 607 2954 traditum
647 2916 699 2955 sit
740 2915 807 2966 (cf.
838 2916 943 2957 Suid.
974 2929 1004 2957 s.
1034 2917 1099 2968 ι),
1138 2905 1258 2957 rerba
1298 2909 1416 2957 πᾶσ’
1450 2912 1526 2957 ἐπὶ
1566 2914 1778 2972 πυρκαϊῆς
1817 2907 1893 2955 {¹6³

289 2982 444 3042 ἐβόησε
475 2983 607 3037 πόλις
637 2989 737 3029 hanc
768 2991 846 3030 vim
877 3003 1002 3032 nonne
1032 2991 1189 3043 habent,
1219 2994 1264 3031 ut
1293 3003 1340 3032 ex
1368 2992 1419 3032 iis
1447 2993 1600 3044 poetam
1628 2992 1758 3043 ipsum
1787 2992 1826 3032 et
1852 2991 1896 3031 in
