2144 3412
994 227 1245 269 -2-

312 353 473 413 κήρυκα
495 352 590 397 ὅτει,1
612 354 661 411 δί)
682 354 900 411 χρήματος
920 353 1177 412 δεησόμενον
1193 351 1260 408 (οὐ
1280 355 1361 412 γὰρ
1377 349 1437 399 ὢν
1452 355 1501 399 dr*
1525 353 1652 399 τοῦτο’
1671 371 1717 411 γε
1733 354 1922 411 λέγεται)

314 429 389 472 καὶ
428 428 502 471 τὸν
536 426 817 485 Πολνκράτεα
855 431 996 481 τυχεῖν
1035 427 1343 485 κατακείμενον
1383 428 1428 472 ἐν
1457 424 1678 487 ἀνδρεῶνι,
1717 432 1920 486 παρεῖναι

315 502 365 546 δέ
393 501 431 545 οἱ
465 501 537 544 καὶ
562 497 852 558 Ἀνακρέοντα
882 501 957 544 τὸν
994 499 1148 555 Τήιον·
1180 503 1272 545 κτλ.
1332 505 1437 546 Haec
1469 508 1507 547 et
1536 505 1615 547 alia
1643 518 1744 559 quae
1774 507 1922 547 ibidem

315 583 521 619 narrantur
561 580 691 619 omnia
731 579 781 618 ad
812 578 1030 619 Samiorum
1072 591 1270 620 sermones
1312 580 1405 631 quin
1445 580 1603 621 redeant
1643 581 1806 621 dubium
1837 591 1923 621 esee

315 666 391 693 non
422 655 556 703 potest.
615 651 745 692 Nimis
791 653 915 693 multa
955 656 1085 694 autem
1127 653 1399 694 concluserunt
1444 665 1489 694 ex
1537 654 1600 695 his
1639 655 1768 695 verbis
1798 656 1826 695 ii
1857 654 1923 705 (ef.

314 726 511 774 Welcker,
542 726 603 766 Kl.
628 726 737 768 Schr.
770 727 788 766 Ι
813 726 925 778 254),
955 728 1021 779 qui
1041 728 1230 778 putabant
1258 726 1327 768 illa
1357 727 1542 768 Herodoti
1563 729 1781 769 narratione
1801 730 1924 781 signi·

314 801 422 840 ficari
454 802 698 849 Anacreonti,
742 803 783 841 ut
813 813 884 841 sua
914 803 1070 853 negotia
1109 804 1343 854 procuraret,
1384 801 1627 854 Polycratem
1658 803 1926 851 mandavi-m

313 887 403 914 nam
434 874 532 914 nihil
563 874 671 915 aliud
701 886 889 926 apparere
920 876 1018 915 mihi
1049 876 1204 917 videtur
1243 888 1288 917 ex
1330 876 1402 916 hoc
1431 876 1516 917 loco
1546 877 1621 916 nisi
1653 877 1705 924 id,
1735 877 1838 929 quod
1866 876 1924 918 lbi

315 950 458 989 dictum
480 951 542 997 sit,
560 951 841 990 Anacreontem
861 950 1016 990 fortuito
1038 949 1209 991 adfuisse
1230 952 1396 1003 satrapis
1416 952 1577 991 nuntius
1598 963 1685 991 cum
1705 951 1926 998 adveniret:

313 1035 390 1075 qua
419 1024 460 1063 in
490 1035 531 1063 re
562 1027 723 1076 uterque
755 1027 931 1064 versatus
961 1025 1012 1064 sit
1042 1026 1082 1064 in
1110 1027 1258 1065 incerto
1278 1023 1522 1077 relinquitur.
1567 1025 1696 1077 Igitur
1722 1023 1928 1066 idemfere

314 1097 410 1138 haec
440 1099 613 1138 indicant
642 1101 759 1149 atque
790 1110 846 1145 ea,
877 1109 978 1151 quae
1008 1097 1146 1139 Strabo
1177 1100 1224 1139 de
1253 1101 1366 1151 poeta
1396 1099 1492 1139 dicit
1520 1098 1613 1139 XIV
1644 1097 1748 1139 638:
1789 1093 1927 1153 τούτῳ

315 1167 625 1226 (Πολυκράτει)
668 1167 925 1224 συνεβίωσεν
960 1165 1209 1225 Ἀνακρέων
1263 1167 1287 1213 ὃ
1328 1170 1586 1226 μελοποιός·
1643 1170 1716 1213 καὶ
1761 1170 1814 1228 δὴ
1854 1169 1929 1213 καὶ

314 1244 439 1286 πᾶσα
470 1241 495 1301 ἡ
526 1241 702 1301 ποίησις
734 1241 900 1300 πλίρης
929 1243 1024 1287 ἐστὶ
1053 1245 1130 1302 τῆς
1161 1243 1264 1299 περὶ
1295 1239 1424 1288 αὐτοῦ
1454 1242 1632 1301 μνήμης.

428 1320 563 1372 Usque
583 1321 633 1360 ad
653 1322 807 1372 tyranni
829 1323 992 1361 mortem
1014 1320 1121 1362 Sami
1150 1321 1224 1361 fuit
1242 1324 1355 1373 poeta
1375 1323 1412 1362 et
1432 1321 1740 1374 perturbationes
1759 1331 1927 1374 quoque,

315 1406 415 1447 quae
444 1396 531 1446 post
561 1396 646 1435 eius
676 1396 838 1435 mortem
868 1396 908 1434 in
938 1394 1009 1435 illa
1038 1394 1169 1435 insula
1199 1397 1351 1436 exortae
1381 1399 1482 1443 sunt,
1511 1396 1596 1448 ipse
1626 1397 1732 1436 vidit,
1779 1395 1924 1437 mamm

316 1471 418 1510 enim
439 1470 674 1509 mentionem
694 1469 786 1509 fecit
805 1470 846 1509 in
878 1480 922 1510 eo
943 1471 1125 1519 carmine,
1156 1470 1196 1509 in
1215 1481 1291 1521 quo
1312 1469 1504 1522 Megisten
1524 1469 1741 1522 Polycratis
1760 1481 1925 1523 puerum

314 1543 525 1596 alloquitur
570 1542 632 1596 (fr.
681 1542 750 1595 16)
769 1542 817 1595 ¹).
891 1543 1031 1584 Postea
1072 1543 1278 1596 (quantum
1328 1545 1515 1595 temporis
1563 1546 1731 1596 spatium
1775 1545 1930 1585 intersit

315 1619 503 1669 nescitur)
559 1618 735 1658 Athenas
786 1619 892 1658 venit
935 1618 984 1657 ab
1038 1617 1263 1671 Hipparcho
1316 1620 1478 1671 tyranno
1536 1619 1728 1659 adductus
1777 1615 1927 1669 (*Plat.

314 1692 527 1744 Hipparch.
560 1692 640 1731 228
655 1704 685 1740 c,
717 1693 834 1732 Arist.
860 1685 966 1732 Ἀθ.
999 1690 1100 1732 πολ.
1134 1692 1198 1739 18,
1232 1692 1287 1743 1).
1345 1692 1407 1732 Ibi
1439 1693 1474 1732 ei
1515 1692 1566 1732 ad
1599 1693 1742 1733 Critiae
1770 1703 1927 1745 quoque

316 1767 473 1806 domum
504 1768 632 1806 aditus
664 1769 746 1806 erat
771 1768 930 1818 paratus
951 1766 1068 1817 (Plat.
1089 1766 1244 1808 Charm.
1270 1765 1349 1807 15¹7
1364 1768 1416 1818 e),
1448 1767 1566 1806 etiam
1587 1778 1723 1806 versus
1751 1769 1929 1807 servatus

317 1843 375 1881 est
418 1842 622 1888 carminis,
667 1842 708 1880 in
751 1853 824 1893 quo
870 1852 960 1881 eum
1005 1840 1197 1881 allocutus
1240 1843 1299 1881 est
1341 1840 1479 1891 (schol.
1509 1840 1652 1882 Aesch.
1682 1839 1813 1881 Prom.
1846 1839 1927 1881 128

315 1932 370 1949 =
402 1915 445 1954 fr.
479 1914 561 1967 56).
620 1915 761 1955 Postea
790 1915 909 1955 huius
948 1915 1094 1956 Critiae
1131 1926 1262 1967 nepos,
1304 1917 1491 1967 tyrannus
1529 1914 1607 1963 ille,
1648 1915 1929 1955 Anacreontion

317 1990 488 2029 carmine
520 1989 731 2030 celebravit
760 1989 919 2039 (Athen.
949 1989 1045 2030 XIII
1077 1989 1159 2030 600
1173 1990 1228 2040 d).
1286 1988 1375 2029 Non
1416 1990 1496 2029 tam
1538 1990 1643 2029 certa
1671 2001 1734 2029 res
1780 1990 1839 2029 est
1879 1989 1931 2028 de

315 2064 535 2116 Xanthippo
574 2064 738 2104 Periclis
777 2067 897 2116 patre.
956 2064 1182 2112 HimerIus,
1220 2065 1288 2116 qui
1329 2064 1378 2104 ad
1417 2062 1615 2103 Iulianum
1656 2064 1929 2115 imperatorem

317 2139 562 2190 profecturus
581 2138 883 2179 Thessalonicae
903 2139 1114 2179 orationem
1135 2139 1263 2186 habet,
1284 2149 1371 2178 sese
1391 2138 1588 2188 comparat
1608 2148 1697 2176 cum
1717 2135 1928 2184 Simonide,

318 2214 390 2265 qui
419 2213 551 2253 Pisam
582 2225 749 2264 pergens
778 2215 818 2253 in
849 2214 987 2254 itinere
1029 2214 1077 2253 ab
1108 2212 1217 2253 Eleis
1256 2213 1306 2252 ad
1346 2223 1480 2252 eorum
1510 2212 1648 2251 urbem
1664 2199 1766 2251 ‘ante
1795 2210 1929 2251 Iovem

414 2337 446 2380 1)
471 2339 544 2368 Non
571 2339 640 2368 sinc
665 2338 900 2377 probabilitate
925 2339 1065 2378 quadam
1092 2338 1227 2370 Crusius
1251 2338 1273 2367 1.
1299 2347 1327 2369 c.
1352 2347 1385 2376 p.
1411 2339 1499 2369 2038
1525 2338 1611 2368 hunc
1635 2345 1766 2376 quoque
1797 2345 1929 2367 versum

317 2395 522 2426 Anacreonti
548 2395 664 2426 tribuit
688 2396 745 2434 qui
769 2396 888 2435 legitur
911 2395 1036 2427 Zenob.
1063 2395 1111 2426 111
1138 2396 1180 2426 90
1202 2392 1261 2437 (=
1286 2393 1412 2434 Corpus
1437 2395 1653 2434 paroemiogr:
1678 2394 1693 2424 1
1720 2391 1796 2434 79):
1834 2389 1932 2434 ἕκητι

317 2450 541 2489 Συλοσῶντος
566 2448 756 2496 εὖρυχωρίη
769 2461 777 2470 ·
803 2450 967 2486 Συλοσῶν
985 2450 1121 2494 Σάμιος
1136 2450 1232 2494 φίλος
1249 2448 1381 2493 ἐγένετο
1398 2449 1531 2493 Δαρείῳ
1553 2448 1603 2494 τῷ
1625 2448 1771 2492 Περσῶν
1788 2449 1934 2493 βασιλεῖ,

317 2506 376 2541 καὶ
412 2504 454 2542 δι’
480 2504 583 2542 αὐτοῦ
619 2505 681 2550 τὴν
716 2507 749 2542 ἐν
784 2506 899 2553 Σάμῳ
929 2503 1125 2544 δυναστείαν
1161 2506 1330 2552 παρέλαβε
1371 2505 1638 2550 τελευτήσαντος
1677 2504 1930 2549 Πολυκράτους.

318 2566 393 2596 Non
427 2570 516 2596 recte
551 2573 660 2597 autem
684 2568 730 2598 sic
764 2568 932 2607 pergitur:
970 2564 1045 2600 ἐπεὶ
1077 2563 1117 2600 δὲ
1139 2564 1271 2606 πικρῶς
1306 2563 1365 2598 καὶ
1397 2563 1555 2608 χαλεπῶς
1588 2556 1704 2608 ἦρχεν,
1740 2559 1933 2604 ἐκλιπόντες

317 2618 378 2662 τὴν
402 2621 503 2663 νῆσον
529 2621 558 2655 οἱ
581 2622 715 2661 πλείους
749 2621 969 2668 μετῴκησαν.
1006 2617 1085 2657 ὅθεν
1119 2619 1143 2664 ἡ
1168 2620 1331 2664 παροιμία
1363 2621 1424 2666 (sie
1448 2631 1577 2661 quoque
1601 2621 1708 2654 Strab.
1732 2621 1815 2652 xiv
1839 2618 1931 2662 688).

319 2679 541 2720 Sylosontem,
579 2681 711 2720 tyranni
746 2682 891 2719 fratrem,
927 2682 1102 2712 Persarum
1138 2680 1227 2719 regis
1261 2680 1352 2711 iussu
1377 2679 1500 2710 Otanes
1534 2683 1683 2718 satrapes
1713 2679 1749 2709 vi
1781 2682 1813 2710 et
1834 2678 1935 2708 armis

321 2739 497 2775 tyrannum
522 2737 608 2773 fecit„
635 2738 767 2776 plurimi
793 2743 901 2769 autem
926 2739 1027 2778 cives,
1052 2738 1109 2777 qui
1133 2738 1204 2768 eius
1229 2737 1402 2777 imperium
1425 2745 1491 2767 non
1528 2746 1625 2776 posse
1661 2736 1741 2767 ferri
1762 2734 1932 2775 putabant·

319 2796 378 2823 aut
401 2795 550 2824 volentes
574 2794 682 2825 insula
706 2795 822 2826 relicta
847 2795 928 2826 alibi
953 2805 1076 2826 novum
1094 2794 1296 2826 domicilium
1319 2794 1383 2824 sibi
1407 2797 1620 2833 paraverunt,
1645 2797 1712 2833 ant,
1736 2801 1811 2824 cum
1825 2791 1935 2823 Persis

319 2850 527 2888 resisterent,
551 2851 715 2882 interfecti
739 2856 827 2885 sunt.
874 2851 926 2884 cf.
951 2851 1114 2883 Herodoti
1138 2851 1255 2882 harum
1288 2860 1397 2882 rerum
1422 2851 1646 2882 narrationem
1669 2849 1719 2880 111
1745 2849 1934 2888 144-149,

319 2909 351 2938 ⁶2
374 2907 535 2946 imprimis
562 2908 644 2939 149:
678 2905 740 2950 τήν
766 2908 804 2942 δὲ
829 2906 949 2951 Σάμον
983 2905 1254 2951 σαγηνεύσαντες
1290 2906 1319 2940 οἱ
1344 2905 1479 2949 Πέρσαι
1513 2904 1701 2949 παρέδοσαν
1739 2903 1937 2938 Συλοσῶντι

320 2960 444 3005 ἔρημον
468 2955 571 2996 οὖσαν
596 2961 740 3006 ἀνδρῶν.
