2144 3412
998 237 1283 283 -43-

337 359 588 419 ἁρπαλίζω;
629 367 697 405 aut
725 364 1046 435 frequentativam
1085 366 1193 407 velut
1222 362 1606 434 ἐντροπαλίζομαι,
1646 364 1946 426 στροφαλίζω;

336 425 405 462 aut
434 423 713 462 deminutivam
743 422 851 463 velut
879 418 1111 475 ταταλίζω,
1141 421 1401 478 τραγαλιᾝζω
1459 427 1587 479 Atque
1618 429 1658 468 in
1689 428 1944 469 substantivis

338 491 489 531 quoque
521 479 616 519 haec
646 479 830 520 derivatio
862 481 1067 530 invenitur,
1098 482 1210 522 cuius
1241 481 1479 523 formationis
1510 482 1611 524 -αδ-
1645 487 1683 526 et
1715 482 1864 525 -αλιδ-
1895 486 1944 526 ab

338 537 473 576 cadem
519 537 641 587 stirpe
683 535 806 577 factae
852 537 924 577 hoc
969 549 1089 578 unum
1131 541 1281 578 tantum
1324 539 1543 591 exemplum
1582 545 1730 583 certum
1771 542 1943 595 proferre

336 605 516 644 possum·
548 587 758 660 δορκάδες
790 594 963 635 Herodas
993 594 1030 643 3,
1052 594 1116 643 63,
1147 593 1406 649 δορκαλῖδες
1436 597 1562 645 3,19.

453 651 492 701 c)
524 650 643 691 Verbi
673 652 714 691 in
745 646 862 701 -άζω
893 664 1014 692 ιιιιιιιιι
1045 654 1195 693 tantum
1226 654 1423 693 invenitur
1436 655 1692 723 exemplum:

451 702 732 758 οἰνοποτάζω
764 695 829 756 94,
855 709 888 749 1
920 709 1033 749 quta
1063 704 1319 760 οἰνοποτέω,
1350 713 1392 751 ut
1423 703 1682 764 ἀβροτάζειν
1712 715 1751 754 et
1757 706 1944 782 άμβρο·

339 763 443 814 τεῒν,
476 752 687 815 οὐτάζειν
704 768 742 805 et
770 759 914 817 ούτᾶν,
946 762 1172 821 πειράζειν
1193 770 1230 807 et
1250 768 1419 821 πειρᾶν,
1442 765 1671 824 ἐρημάζειν
1691 772 1729 811 et
1748 766 1943 825 ἐρημοῦν,

335 795 603 876 ἀκριβάζειν
625 824 662 863 et
701 797 914 876 ἀκριβοῦν
948 822 1061 877 (Poll.
1098 824 1132 863 V
1155 823 1265 891 152).
1324 825 1414 865 Vim
1455 826 1574 867 babet
1608 827 1943 896 frequentativam.

336 881 450 930 Apud
480 879 692 920 Homerum
719 892 872 948 quoque
903 892 991 921 cum
1023 882 1159 921 eadem
1191 883 1227 922 vi
1260 883 1472 923 invenitur
1528 885 1563 923 Y
1588 883 1641 924 83
1672 880 1837 926 Αἰνεία
1866 916 1877 926 .
1909 916 1944 936 .,

337 936 422 976 ποῦ
451 950 518 977 τοι
549 930 743 988 ἀπειλαί,
775 951 827 986 ας
853 933 1012 992 Τρώων
1030 933 1325 991 βασιλεῦσιν(
1310 934 1495 990 υπίσχεο
1524 935 1846 993 οἰνοποτάζων,-

449 992 490 1047 d)
524 994 641 1035 Verbi
673 995 714 1035 in
745 992 879 1046 -ιαζω
910 995 984 1035 hoc
1013 1008 1134 1036 unum
1167 998 1290 1036 exstat
1320 997 1560 1063 exemplum:

451 1048 686 1105 δωριάζω.]
747 1052 868 1094 schol.
912 1053 1011 1120 Eur.)
1050 1054 1141 1093 Her.
1186 1053 1267 1094 933
1317 1067 1360 1094 αι
1414 1050 1769 1122 Λακεδαιμόνιαι
1815 1050 1944 1110 κόραι

334 1106 656 1177 διημερεύουσιν
675 1105 866 1160 ἄζωστοι
888 1107 963 1150 καὶ
986 1104 1190 1161 οχίτωνες
1213 1106 1431 1163 ιματίδιον
1460 1107 1633 1180 ἔχουσαι
1657 1110 1946 1181 πεπορπημέ-

337 1179 410 1206 νον
431 1160 508 1220 ἐφ
532 1161 737 1234 ἑκατέρου
756 1165 846 1207 τῶν
866 1162 1028 1221 ἀμων.
1117 1165 1222 1208 ,καὶ
1244 1166 1332 1209 τῶν
1353 1165 1397 1209 ἐν
1418 1171 1516 1218 ταῖς
1535 1163 1737 1238 ἀρχαίαις
1755 1170 1947 1240 γραφαῖς

335 1217 411 1264 οὐκ
441 1217 566 1277 ὀλίγα
595 1218 733 1273 οὕτως
761 1220 982 1265 ἔσταλται.
1024 1222 1098 1266 καὶ
1129 1223 1360 1277 δωριάζειν
1389 1223 1441 1267 τὸ
1474 1223 1767 1295 γυμνουμένας
1798 1223 1945 1296 φαίνε-

337 1283 448 1321 σθαι
469 1280 548 1330 τὰς
568 1282 785 1335 γυναῖκας.
811 1275 1059 1349 Ἀνακρέων
1080 1282 1172 1334 (59)
1194 1278 1374 1324 εἐκδῦσα
1400 1282 1564 1334 χιτῶνα
1595 1278 1856 1340 δωριάζειν’.
1884 1285 1946 1326 De

336 1339 483 1379 femina
521 1340 616 1379 dicit
654 1342 777 1391 poeta,
823 1351 923 1392 quae
963 1341 1090 1380 ionica
1128 1343 1236 1381 veste
1277 1341 1451 1394 deposita
1489 1343 1661 1383 doricam
1690 1343 1829 1384 induit.
1889 1342 1946 1383 Of.

334 1395 582 1444 Studniczka,
612 1397 795 1449 Beitrage
825 1410 855 1437 z.
878 1396 1016 1437 Gesch
1048 1399 1082 1437 d.
1113 1397 1259 1449 griech.
1289 1398 1440 1447 Tracht,
1469 1411 1505 1451 p.
1540 1399 1602 1440 14.
1634 1399 1699 1440 24.
1739 1400 1825 1440 Iam
1856 1411 1945 1441 cum

335 1454 453 1493 Duris
475 1453 642 1502 Samius,
673 1455 785 1494 cuius
815 1457 987 1506 tempore
1018 1456 1066 1495 de
1095 1456 1327 1496 vestimento
1347 1457 1510 1496 verbum
1542 1458 1659 1497 etiam
1688 1458 1729 1497 in
1755 1469 1831 1498 usu
1853 1459 1945 1505 erat,

332 1512 482 1562 primus
512 1513 764 1552 Anacreontis
796 1524 930 1552 versus
959 1513 1192 1552 mentionem
1223 1512 1368 1561 fecerit,
1398 1513 1720 1555 Wilamowitzius
1750 1514 1885 1565 (Arist
1906 1526 1945 1555 u.

336 1569 425 1608 Ath.
456 1569 497 1609 11
528 1569 609 1609 280
640 1570 745 1621 adn.)
776 1570 1052 1620 grammaticos
1081 1571 1138 1609 rei
1167 1570 1343 1610 notitiam
1374 1571 1410 1610 ei
1441 1571 1581 1612 debere
1610 1572 1812 1620 conclusit,
1840 1583 1941 1625 quae

336 1628 528 1667 sententia
557 1626 806 1667 confirmatur
835 1627 952 1667 etiam
973 1638 1028 1674 eo,
1058 1628 1160 1678 quod
1190 1626 1259 1667 ille
1280 1626 1500 1668 Samiorum
1529 1628 1731 1670 annalium
1759 1628 1836 1669 alio
1855 1629 1941 1670 loco

334 1684 432 1732 Asii,
461 1683 585 1724 Samii
614 1687 760 1735 poetae,
790 1685 911 1724 verba
939 1685 1065 1724 reddit
1095 1683 1252 1735 (Athen.
1272 1684 1349 1725 XII
1371 1685 1451 1726 525
1466 1683 1515 1739 e),
1546 1687 1690 1738 quibus
1718 1685 1942 1727 Samiorum

333 1742 381 1780 ad
411 1715 572 1781 Iunonis
601 1741 792 1808 templum
816 1753 1003 1795 pompam
1034 1742 1259 1782 ducentium
1290 1743 1564 1783 vestimentum
1594 1743 1838 1784 describitur.

450 1801 485 1848 e)
529 1801 563 1839 A
606 1799 723 1839 verbo
761 1800 802 1839 in
842 1811 951 1838 -ιαω
991 1799 1182 1866 originem
1220 1800 1328 1840 ducit
1369 1800 1602 1841 vocabulum
1630 1798 1858 1871 μυθιητής.
1889 1823 1943 1830 --

337 1867 371 1910 φ
401 1856 454 1896 70
485 1855 679 1925 Penelope
699 1868 835 1909 procos
865 1855 1077 1923 alloquitur
1097 1849 1197 1897 οὐδέ
1225 1850 1299 1897 τιν’
1330 1850 1463 1920 άλλην
1490 1853 1636 1927 μύθου
1665 1854 1943 1926 ποιήσασθαι

334 1908 589 1981 ἐπισχεσίην
617 1908 846 1962 ἐδύνασθε,
877 1906 981 1954 ἀλλ’
1014 1909 1091 1967 ἐμὲ
1121 1909 1283 1981 ιέμενοι
1312 1911 1448 1982 γῆμαι
1477 1911 1649 1956 θέσθαι
1679 1928 1727 1956 τε
1741 1915 1943 1985 γυναῖκα..ν

334 1971 456 2012 schol.
486 1966 654 2039 μύθου·
686 1971 758 2012 νῦν
787 1970 862 2027 τῆς
892 1966 1110 2020 στάσεως·
1158 1966 1265 2013 ὅθεν
1294 1968 1368 2012 καὶ
1402 1965 1651 2042 ’Λνακρέων
1678 1969 1780 2023 τούς
1809 1969 1856 2015 ἐν
1889 1974 1944 2043 τῇ

337 2024 490 2097 Σάμῳ
503 2023 648 2097 ἁλιεῖς
683 2023 812 2077 ὄντας
854 2024 1125 2078 στασιαστάς
1154 2040 1286 2098 φησιν
1311 2024 1479 2098 ‚W
1449 2027 1865 2113 15,μυθιητοιιῖ
1891 2028 1919 2071 δ

334 2100 385 2183 ἷξῖ
388 2098 592 2184 απέἳῖἳέι
615 2077 799 2197 ‘5347
782 2097 891 2196 ⁶21}ss
906 2082 1106 2184 111311
1107 2080 1942 2199 1ἷὸἷιῖἒ1τῗῖτῖτα1σιῗ1ιέῗιῖῇ901
1885 2088 1940 2131 ⁴⁵

333 2201 569 2253 mologicum
599 2202 815 2253 genuinum
845 2200 910 2269 (cf.
939 2201 1212 2250 Reitzenstein,
1241 2202 1319 2241 ind.
1349 2201 1438 2243 lect.
1468 2201 1572 2242 Rost.
1606 2200 1769 2271 189112,
1797 2215 1836 2255 p.
1869 2202 1940 2272 15)

335 2259 434 2299 haec
464 2259 653 2299 servavit:
650 2259 846 2328 μῦθος·
877 2252 903 2313 ἡ
933 2254 1110 2308 στάσις·
1143 2251 1254 2311 παρ’
1274 2253 1465 2328 Ὁμήρῳ
1483 2255 1609 2327 ἅπαξ
1636 2253 1806 2357 είρηται
1826 2255 1873 2301 ἐν
1870 2255 1940 2329 φ’

328 2309 593 2365 Ὀδυσσείας,
624 2306 718 2357 οἷον
748 2310 913 2368 εμύθου
953 2311 1234 2384 ποιήσασθαι
1263 2310 1547 2384 ἐπισχεσίην,
1583 2330 1662 2358 και
1696 2314 1941 2387 Λνακρέων

335 2386 380 2413 εν
409 2371 471 2428 τῷ
501 2368 550 2426 β’
580 2373 667 2414 τῶν
697 2371 838 2441 μελῶν
867 2347 1069 2442 μυθητὰς
1106 2370 1207 2422 τούς
1237 2371 1507 2423 στασιαστὰς
1546 2369 1626 2415 επὶ
1665 2374 1751 2415 τῶν
1781 2369 1941 2417 ἁλιέων

332 2413 457 2484 λέγει
491 2426 566 2471 καὶ
610 2426 867 2479 Πανύασσις
902 2425 1155 2482 (διχθάδιός
1198 2444 1308 2472 ποτε
1353 2431 1518 2485 μῦθος·
1563 2426 1688 2482 ἄναξ
1721 2428 1939 2502 μετεμέμ-

331 2486 461 2540 βλετο
490 2481 654 2529 λαῶν’·
687 2482 816 2542 (άλλα
847 2484 896 2529 δε
924 2484 1220 2542 μετεμέμβετο
1251 2490 1342 2529 cod:
1374 2501 1446 2529 em
1478 2487 1713 2542 Reitzenst.).
1741 2485 1940 2546 μυθητής

334 2546 493 2597 quidem
532 2545 775 2598 etymologus
814 2546 917 2586 vult:
959 2547 1029 2587 sed
1071 2549 1238 2587 metrum
1279 2546 1373 2586 huic
1411 2546 1557 2587 formae
1598 2547 1834 2588 contrarium
1871 2550 1939 2588 est.

332 2602 539 2644 Praeterea
569 2603 616 2645 ci.
647 2603 774 2655 Apoll.
803 2603 920 2656 Dysc.
949 2603 996 2645 B.
1026 2604 1074 2646 A.
1103 2604 1145 2644 II
1167 2602 1260 2652 524,
1290 2603 1328 2654 5,
1359 2604 1427 2645 ubi
1455 2605 1557 2644 inter
1586 2615 1632 2644 ea
1659 2604 1860 2654 vocabula,
1897 2605 1939 2646 in

425 2772 460 2816 ⁵)
483 2773 593 2804 Verba
617 2774 650 2804 in
675 2773 845 2805 codicibus
879 2774 958 2813 quin
989 2774 1088 2805 valde
1120 2778 1275 2814 corrupta
1308 2774 1374 2805 sint
1406 2784 1503 2806 nemo
1538 2775 1726 2806 dubitabit:
1757 2778 1867 2807 nmen
1890 2776 1939 2807 sie

334 2818 500 2858 optimea
523 2820 585 2849 Bla
587 2820 653 2851 ssio
678 2829 755 2851 ear
739 2819 890 2851 restituta
910 2829 982 2851 esse
1006 2829 1199 2859 persuasum
1222 2819 1340 2859 habeo,
1364 2821 1419 2859 qui
1435 2821 1601 2852 metrumi
1590 2821 1658 2852 ιοιιί
1660 2830 1734 2852 enm
1757 2830 1829 2853 esse
1852 2821 1938 2853 vidit

330 2863 407 2906 (Rh.
433 2865 477 2896 M.
503 2865 617 2895 XXIX
644 2864 734 2906 154).
770 2866 841 2897 Hoc
864 2876 902 2896 en
906 2866 950 2896 im
974 2867 1192 2905 fragmentum
1217 2875 1255 2896 ex
1288 2865 1351 2896 libr
1335 2875 1372 2896 ro
1391 2876 1489 2897 secun
1470 2867 1534 2897 ndo
1550 2870 1716 2907 sumptum
1741 2871 1802 2908 est,
1826 2867 1937 2899 omnis

332 2914 440 2941 autem
465 2911 532 2941 alia
566 2911 660 2942 niobs
694 2915 783 2950 nota,
820 2921 905 2950 quae
935 2911 1059 2943 iibdem
1092 2912 1157 2951 legi
1180 2912 1383 2951 grammatici
1406 2915 1506 2944 testes
1529 2891 1844 2955 sunt(fr.41.1’52.
1870 2911 1937 2956 ⁶0),

333 2955 420 2987 idem
443 2959 526 2987 metr
510 2966 582 2987 rum
606 2957 649 2987 ha
651 2957 714 2988 ben
716 2960 740 2988 t.
