2144 3412
1005 244 1287 287 „18-

343 376 379 420 4.
430 377 625 418 Accedant
673 375 892 428 singulares
940 377 1106 426 formae,
1147 389 1246 431 quae
1291 377 1562 420 memorabiles
1606 389 1692 419 esee
1749 376 1948 419 videntur.

342 446 663 517 ἐκκεκωφέαται
696 449 761 490 81.
793 451 850 491 Of.
890 450 1037 491 Archil.
1071 451 1151 492 169
1182 447 1349 502 κέαται,
1388 451 1540 493 Samon.
1571 451 1662 493 31a
1702 446 1950 492 πεπλέαται

341 522 630 582 (πεπλήαται·
675 536 768 566 corr.
809 524 973 573 Renner,
1015 524 1119 566 Gurt
1161 524 1268 566 Stud.
1300 525 1319 566 1
1351 525 1389 574 2,
1419 526 1502 578 25),
1545 526 1710 579 Hippon.
1743 525 1796 567 62
1837 538 1948 567 κεκι-

340 596 498 649 νέαται,
530 600 662 641 Hecat.
698 598 776 640 163
808 600 912 651 apud
943 598 1148 640 Herodian.
1180 600 1221 640 11
1252 598 1333 640 225
1366 599 1441 650 (=
1459 599 1551 641 Her.
1571 600 1628 641 IV
1649 599 1727 641 86:
1758 600 1805 642 cf.
1827 599 1949 649 Diels,

339 676 471 716 Herm.
493 674 603 715 XXII
625 673 727 725 419)
757 670 1057 727 μεμετρέαται,
1087 673 1262 714 Democr.
1285 673 1361 714 eth.
1387 674 1465 715 166
1496 673 1584 715 Nat.
1613 670 1863 728 μεμνέαται.
1890 696 1948 704 —

339 743 539 798 ἀποκλάς
567 750 663 801 part.
693 759 771 790 aor.
804 748 868 795 17,
902 748 946 796 1;
977 749 1228 789 Anacreontis
1260 760 1346 789 esse
1382 748 1482 789 hanc
1514 748 1676 790 formam
1707 749 1802 790 dicit
1839 748 1947 790 Euat

343 824 463 873 1654,
488 824 538 865 17
581 818 732 876 ὥσπερ
773 819 848 863 καὶ
877 817 986 872 κλοίς
1015 835 1123 878 φησι
1155 817 1476 878 ((Ηρακλείδης)
1506 819 1627 875 παρὰ
1652 815 1947 876 Ἀνακρέοντι.

339 921 391 927 —-
422 893 661 952 μεμάθηκα
696 897 750 939 ’74
782 920 835 927 -
876 892 1037 938 ἔνεικον
1069 896 1133 946 62,
1156 896 1180 938 3
1213 921 1268 926 —-
1315 891 1522 946 δεδοικώς
1552 896 1618 944 43,
1639 897 1664 938 4
1695 920 1747 926 -
1792 892 1853 953 φή
1882 895 1948 938 40.

338 973 546 1015 Herodian.
566 974 608 1014 H
630 973 731 1013 21οε
762 968 880 1028 φησί,
902 965 1013 1025 ὅπερ
1036 967 1172 1013 πάλιν
1192 965 1424 1013 ἆποκοπὲν
1455 964 1673 1023 ὀξύνεται·
1704 967 1755 1012 τὸ
1784 968 1866 1025 γὰρ
1886 965 1947 1026 φῆ

339 1042 434 1089 ἀντὶ
450 1048 525 1090 τοῦ
547 1043 667 1103 φησί.
700 1048 806 1089 Haec
822 1048 946 1088 forma
966 1048 1137 1100 antiquis
1154 1048 1420 1099 grammaticis
1437 1059 1481 1087 ex
1496 1047 1738 1087 Anacreonta
1757 1045 1839 1086 solo
1860 1047 1950 1087 nota

339 1126 430 1172 erat,
452 1135 542 1164 nam
565 1135 697 1164 eornm
717 1135 862 1171 omnes,
893 1124 959 1175 qui
986 1123 1070 1163 eius
1091 1123 1322 1163 mentionem
1343 1122 1528 1169 iecerunt,
1557 1121 1812 1161 Anacreontis
1830 1120 1951 1161 verite

338 1210 492 1250 semper
519 1198 696 1238 reddunt.
755 1197 854 1237 Vide
883 1197 1026 1249 Bergk.
1047 1198 1089 1237 in
1118 1198 1204 1237 adn.
1226 1198 1274 1237 ad
1294 1197 1339 1238 fr.
1361 1196 1426 1236 40.
1486 1197 1533 1237 In
1564 1195 1687 1236 lexico
1707 1194 1948 1235 Memnoni

338 1274 387 1313 de
417 1274 495 1313 iota
524 1273 730 1324 adscripto,
761 1272 864 1324 quod
896 1272 1018 1312 edidit
1047 1271 1154 1311 Rabe
1185 1270 1277 1322 (Rh.
1299 1266 1349 1311 M.
1380 1270 1528 1311 XLVII
1559 1269 1663 1310 405:
1694 1269 1740 1310 cf.
1771 1268 1804 1310 L
1837 1267 1948 1319 150),

337 1347 362 1387 f,
394 1346 475 1387 282
506 1360 541 1387 v.
573 1346 596 1386 9
629 1345 727 1387 haec
768 1346 972 1398 leguntur:
1013 1342 1087 1386 καὶ
1128 1340 1248 1387 ἔστιν
1277 1342 1514 1394 ἐνεστῶτος
1535 1345 1616 1396 χ(7)
1649 1374 1868 1385 ......
1900 1353 1949 1383 σε

337 1418 418 1476 γὰρ
449 1403 562 1476 φηιτ’
590 1420 595 1476 1
625 1415 852 1476 ἀργήλιος·
884 1414 978 1461 ἀπὸ
1009 1420 1085 1462 τοῦ
1108 1432 1198 1475 φησ
1246 1415 1392 1475 χ.ήιζω
1421 1416 1514 1460 κτλ.
1559 1419 1666 1460 Haec
1685 1420 1816 1459 autem
1847 1417 1946 1459 nihil

338 1497 447 1538 aliud
478 1497 555 1537 nisi
577 1497 755 1538 eiusdem
784 1498 920 1548 poetae
951 1496 1068 1536 verba
1097 1497 1198 1536 sunt.
1260 1496 1385 1548 Atque
1413 1495 1471 1535 sic
1491 1494 1571 1535 fere
1593 1493 1773 1546 supplere
1794 1492 1946 1533 licebit:

338 1602 348 1612 .
373 1603 381 1611 .
405 1604 414 1613 .
435 1568 510 1613 καὶ
540 1566 660 1612 ἔστιν
690 1566 937 1619 ἐνεστῶτος.
961 1567 975 1625 ΙΙ
998 1567 1088 1626 (φὴ)
1115 1566 1262 1624 χ[ωρὶς
1291 1569 1367 1610 τοῦ
1397 1569 1451 1620 ι’]
1473 1563 1543 1609 ‘ue
1574 1563 1656 1623 γάρ
1687 1579 1747 1622 φη
1783 1561 1946 1622 Ταργή-

337 1640 450 1696 λιος’
467 1658 477 1667 ·
508 1639 600 1688 ἀπὸ
621 1644 698 1687 τοῦ
728 1641 878 1701 φησ[ι’].
901 1643 916 1700 ΙΙ
936 1639 1111 1700 χ[ρ]ῄζω
1141 1642 1232 1685 κτλ.
1264 1638 1327 1701 φῄ
1356 1644 1478 1696 igitur
1505 1655 1574 1695 pro
1605 1637 1667 1699 φή
1695 1641 1943 1682 scribendum

338 1733 423 1762 esse
463 1720 578 1762 Blass
610 1721 676 1772 (ci.
706 1721 747 1761 Π
779 1721 872 1768 211,
904 1720 990 1760 adn.
1025 1718 1065 1772 1)
1106 1731 1182 1760 non
1222 1721 1325 1760 recte
1364 1719 1538 1759 coniecit.
1598 1717 1947 1758 Grammaticorum

337 1798 467 1837 autem
502 1797 746 1843 sententiam,
777 1796 843 1848 qui
875 1795 976 1835 hanc
1003 1794 1167 1835 formam
1197 1793 1385 1835 aeolioam
1427 1805 1512 1834 esse
1542 1803 1772 1845 persuasum
1801 1790 1948 1832 habent

337 1870 399 1920 (cf.
428 1871 623 1923 imprimis
645 1871 818 1911 Grameri
839 1871 911 1911 An.
934 1869 1001 1910 Ox.
1023 1868 1082 1909 IV
1103 1869 1197 1917 411,
1230 1868 1304 1917 23;
1337 1867 1431 1917 352,
1466 1867 1548 1917 14),
1578 1867 1786 1920 quominus
1806 1876 1944 1918 sequa-

336 1957 425 1986 mur
462 1945 607 1994 obstat,
651 1946 754 1999 quod
783 1944 922 1985 Aeoles
951 1956 1027 1985 non
1069 1938 1191 1999 φημί,
1232 1944 1302 1984 sed
1342 1937 1458 1997 φαμί
1497 1942 1577 1993 (vel
1607 1941 1741 1996 φαῖμι
1757 1940 1776 1979 ⁶?
1814 1938 1945 1995 φαῖσι

337 2019 481 2072 Sapph.
514 2019 566 2060 66
579 2020 615 2072 ‘?)
654 2019 844 2071 prolocuti
885 2021 995 2067 sunt;
1034 2019 1168 2071 itaque
1198 2017 1485 2059 Wilamowitzii
1524 2017 1755 2056 sententiam
1795 2025 1946 2067 sequor,

337 2096 405 2147 qui
436 2089 496 2150 φή
524 2094 796 2147 imperfectum
828 2105 914 2135 esse
941 2092 1035 2134 vult.

448 2243 564 2284 Nunc
605 2245 735 2284 autem
765 2242 963 2283 nonnullis
1003 2254 1066 2283 me
1106 2241 1307 2294 complecti
1337 2252 1433 2292 opus
1464 2251 1550 2281 esse
1581 2240 1742 2287 videtur,
1771 2237 1864 2291 quid
1897 2248 1944 2278 ex

335 2319 397 2367 iis,
427 2330 528 2371 quae
559 2319 606 2359 de
635 2319 890 2359 Anacreontis
920 2317 1083 2358 dialecto
1114 2317 1204 2365 dixi,
1235 2315 1413 2357 concludi
1442 2315 1574 2367 possit
1634 2315 1762 2366 Atque
1790 2313 1833 2352 in
1866 2311 1942 2353 hac

335 2405 377 2434 re
408 2395 510 2434 certe
540 2404 674 2433 omnes
704 2392 804 2433 mihi
834 2392 1105 2442 assentientur,
1145 2392 1187 2431 in
1229 2391 1314 2431 eius
1355 2390 1572 2430 carminum
1601 2387 1830 2440 fragmentis
1860 2386 1943 2427 dia-

334 2466 479 2508 lectum
508 2468 678 2508 ionicam
706 2468 843 2520 paucis
872 2468 1024 2507 tantum
1066 2465 1235 2518 exceptis
1272 2476 1416 2516 puram
1456 2465 1494 2504 et
1521 2464 1715 2515 integram
1745 2472 1831 2502 esse
1860 2471 1941 2502 eer-

335 2594 411 2624 win.
437 2593 571 2626 Wilam.
595 2593 635 2624 In
652 2593 766 2625 codice
783 2592 997 2624 ‘rownieieno
1014 2590 1230 2628 Anacreontis
1256 2590 1475 2630 fragmentum
1497 2589 1618 2628 legitur
1633 2591 1708 2628 post
1725 2587 1807 2618 haee
1822 2585 1942 2618 schon-

335 2655 426 2683 astae
446 2651 570 2683 verba:
598 2675 604 2682 .
623 2674 629 2682 .
657 2649 716 2684 καὶ
737 2646 888 2684 ’Δττικοὶ
905 2646 963 2683 τὸν
981 2646 1058 2691 περὶ
1078 2645 1269 2692 χειμερίους
1289 2643 1416 2688 τροπὰς
1436 2644 1528 2689 μῆνα
1546 2642 1750 2679 Ποσιδεῶνα
1769 2640 1941 2684 καλοῦσιν,

336 2709 452 2740 eodem
475 2709 576 2748 igitur
599 2710 671 2740 loco
697 2712 795 2748 atque
818 2708 911 2739 Euat.
938 2709 960 2738 l.
986 2717 1015 2739 c.
1043 2705 1177 2745 Bergkii
1200 2705 1302 2744 igitur
1325 2704 1514 2736 coniectura
1545 2701 1609 2737 Δία
1632 2698 1661 2735 τ’
1685 2695 1796 2744 ἄγριοι
1817 2697 1939 2744 χειμῶ-

335 2774 389 2803 νες
413 2763 617 2808 κατάγουσιν
641 2766 728 2797 falsa
751 2771 802 2797 est
825 2764 882 2809 (cf.
900 2765 977 2797 adn.
1001 2763 1042 2795 ad
1067 2763 1107 2795 fr.
1126 2761 1179 2804 6)ι
1204 2771 1401 2801 quemquam
1425 2760 1644 2792 Anacreontis
1668 2758 1772 2791 verba
1795 2757 1939 2789 euenum

336 2823 371 2852 in
396 2823 504 2854 locum
529 2823 640 2855 delata
663 2832 735 2855 esse
759 2823 854 2861 vidit,
888 2826 999 2853 tamen
1024 2830 1096 2852 eam
1119 2819 1263 2852 retinuit.
1311 2819 1540 2851 Schneidewin
1556 2817 1660 2849 verba
1682 2816 1731 2848 sic
1752 2814 1937 2856 supplevitz

337 2876 414 2921 μεὶς
448 2875 508 2922 μὲν
541 2876 586 2922 δή
622 2876 823 2922 Ποσιδηῖών
858 2877 1014 2921 ἕστηκεν,
1048 2875 1186 2920 νεφέλαι
1218 2872 1266 2922 (δ’
1288 2870 1362 2910 ὕδει
1393 2873 1609 2919 πλήθουσιν),
1646 2869 1732 2918 βαρῦ
1765 2865 1797 2907 δ’
1828 2863 1942 2914 ἄγριοι

334 2935 498 2980 χειμῶνες
520 2946 554 2970 π.
580 2954 625 2961 -—
648 2934 809 2979 παταγέω
834 2937 875 2968 de
902 2935 1006 2968 ventis
1030 2935 1154 2967 dictum
1183 2935 1238 2967 hic
1261 2935 1403 2975 primum
1426 2934 1615 2975 invenitur3
1652 2932 1693 2963 de
1714 2929 1858 2962 nubibus
1878 2929 1938 2962 Ar.

335 2994 413 3026 nub.
438 2995 503 3027 378
529 2994 661 3038 βαρεῖαι
683 2991 730 3032 εἰς
753 2989 904 3036 ἀλλήλας
926 2990 1152 3036 ἐμπίπτουσαι
1176 2988 1353 3036 ῥήγνυνται
1375 2989 1435 3025 καὶ
1456 2987 1675 3034 παταγοῦσιν-
