2144 3412
974 231 1259 276 -66-

313 353 499 427 ηρωικὸν
531 352 774 426 πρόσωπον
804 352 1002 412 ὠνόμακε
1032 356 1105 400 διὰ
1137 357 1226 400 τῶν
1251 355 1490 429 γενομένων
1528 353 1679 402 αὐτῶν.
1711 372 1807 400 ουτε
1838 355 1919 415 γὰρ

277 452 283 457 .
311 412 351 457 οὶ
398 429 474 470 της
505 410 764 484 Πηνελόπης
802 414 1040 472 μνηστῆρες
1070 410 1164 458 οὐθ’
1196 431 1236 458 οι
1287 412 1478 467 Φαίακες
1506 411 1609 458 οὔθ’
1654 430 1693 457 οι
1727 412 1803 458 ἐπὶ
1833 417 1918 458 τῶν

310 474 479 515 θυσιῶν
522 469 772 527 ἐστέφοντο.
834 473 891 514 Ea
929 477 1059 515 autem
1099 475 1227 522 verba,
1268 475 1412 527 quibus
1451 474 1682 527 Polydamas
1714 474 1919 515 Hectorem

311 531 536 583 alloquitur,
567 530 670 570 hunc
702 530 846 571 habent
874 543 1054 572 sensum:
1084 526 1152 572 ‘ab
1194 532 1374 572 omnibus
1403 532 1578 584 partibus
1608 532 1700 573 belli
1730 531 1920 572 tumultus

311 592 348 628 ts
381 580 632 629 circumdat'.
691 587 843 629 Deinde
882 589 929 628 de
970 600 1080 629 muro
1120 601 1273 655 quoque
1314 589 1452 630 urbem
1495 590 1665 641 cingenti
1679 584 1921 657 στέφανος

310 647 414 713 apud
445 645 611 685 eundem
642 645 862 694 adhibetur,
901 646 967 698 qui
1009 645 1162 686 Thebas
1200 647 1257 686 sic
1286 647 1458 687 nominat
1493 648 1535 687 T
1559 646 1632 687 99·
1672 641 1920 701 ἐιστεφάνῳ

311 698 371 742 ἐνὶ
407 697 540 757 Θήβῃ,
571 713 697 769 quem
716 702 844 743 locum
875 704 1050 743 imitatur
1080 703 1275 743 Hesiodus
1303 703 1373 745 Th.
1406 703 1499 751 978,
1529 703 1592 744 Sc.
1615 704 1679 744 80.
1738 703 1799 743 Ad
1829 703 1921 744 sub-

311 761 522 800 stantivum
555 754 747 814 στεφάνη
789 761 891 800 redit
919 754 1194 814 ευστὲφανος,
1240 772 1314 813 quo
1357 760 1524 813 epitheto
1555 762 1649 802 deae
1680 762 1721 801 in
1746 771 1922 801 sermone

310 817 418 869 epico
449 817 607 868 saepius
639 820 834 866 ornantur,
864 817 972 858 velut
999 818 1153 858 Venus:
1197 819 1231 858 θ
1262 818 1357 859 267.
1399 817 1494 863 288,
1534 829 1562 858 σ
1596 817 1687 864 193,
1729 817 1818 858 Hes
1847 817 1916 857 Th.

314 873 443 921 1008;
484 873 613 914 Diana
649 876 690 914 Φ
721 874 824 923 511;
866 874 1001 915 Ceres:
1043 875 1134 915 Hes.
1165 874 1233 927 Op.
1266 875 1359 915 300.
1409 875 1444 915 h
1478 875 1560 916 Ger.
1592 875 1684 915 224.
1743 874 1798 915 Of.
1830 874 1921 915 Hes.

308 924 594 999 εὖστέφανος·
626 924 952 1000 εὐ(κέ)φαλος,
997 925 1233 985 εύκοσμος·
1284 933 1523 1001 γυναικεῖος
1566 929 1647 1002 γὰρ
1691 926 1856 985 κόσμος
1896 945 1919 972 τ

316 984 530 1057 στεφάνη·
562 985 637 1029 καὶ
668 985 744 1029 ε’πὶ
776 984 949 1038 πόλεως
977 989 1282 1044 μεταφορικῶς
1310 984 1533 1044 εὔπυργος,
1559 984 1758 1040 εἴτειχος,
1788 985 1922 1030 καλὸν

312 1042 529 1101 στέφανον
558 1041 677 1097 ἔχων.
712 1069 762 1074 -
795 1046 983 1087 Similiter
1013 1047 1122 1087 Pind
1153 1046 1195 1087 P.
1226 1047 1267 1087 II
1299 1046 1364 1094 58,
1394 1048 1462 1087 ubi
1495 1049 1608 1114 poeta
1637 1046 1845 1087 Hieronem
1866 1047 1923 1087 sic

310 1103 533 1172 alloquitur,
576 1099 762 1157 πρύτανι
802 1117 920 1156 κυριε
961 1101 1132 1146 πολλᾶν
1160 1100 1240 1173 μὲν
1269 1097 1543 1172 ευστεφάνων
1571 1098 1735 1157 ἀγιιᾶν.
1795 1102 1923 1144 Schol.

311 1154 440 1230 η’γουν
471 1155 652 1215 ὑψηλῶν
682 1162 802 1214 (quod
831 1162 976 1202 falsum
1007 1155 1124 1214 est)'
1112 1155 1138 1215 ἢ·
1167 1153 1212 1201 εὖ
1241 1158 1579 1214 τετειχισμένων.
1631 1161 1924 1228 Substantivurn

317 1215 536 1288 στέφανος
582 1220 719 1259 eadem
764 1231 851 1259 eum
891 1220 930 1259 vi
973 1218 1119 1270 legitur
1162 1222 1302 1260 Anacr.
1346 1220 1390 1259 fr.
1421 1219 1475 1259 72
1517 1216 1592 1259 νῦν
1633 1211 1678 1258 δ’
1711 1211 1803 1259 ἀπὸ
1844 1214 1925 1287 μὲν

313 1272 530 1345 στέφανος
570 1270 734 1324 πόλεος
777 1271 951 1326 ὄλωλεν,
992 1275 1101 1316 Pind.
1133 1276 1174 1316 Ο.
1204 1276 1303 1316 VIII
1334 1276 1387 1316 32
1423 1269 1536 1330 Ἰλίιιι)
1576 1272 1807 1329 μέλλοντες
1846 1270 1925 1316 ἐπὶ

311 1330 529 1400 στέφανον
557 1332 703 1384 τεῦξαι
719 1334 800 1384 ⁸²³).
831 1355 886 1362 --
917 1335 1045 1385 Atque
1076 1330 1290 1387 στέφανος
1321 1334 1369 1374 de
1398 1334 1509 1374 urbis
1539 1345 1649 1373 muro
1681 1333 1835 1380 dicitur,
1865 1333 1923 1372 sie

312 1385 502 1446 στεφάνη
521 1390 643 1430 simili
663 1391 776 1431 modo
798 1391 845 1431 de
865 1390 1111 1443 singularum
1132 1392 1297 1431 turrium
1328 1391 1389 1431 vel
1422 1392 1540 1431 totius
1560 1392 1674 1438 muri,
1699 1391 1766 1442 qui
1786 1390 1923 1456 urbem

311 1447 570 1500 amplectitur,
586 1449 717 1500 pinnis
734 1447 953 1488 adhibetur.
985 1448 1077 1489 Hes.
1094 1443 1326 1515 στεφάναι·
1404 1443 1596 1499 ,τείχους
1616 1443 1826 1514 επάλξεις
1849 1443 1924 1487 καὶ

312 1501 502 1559 πύργων.
530 1505 623 1546 Eur.
640 1505 733 1546 Hee.
748 1505 830 1545 910
835 1506 916 1572 (de
935 1505 1064 1573 Troia)
1088 1499 1179 1546 ἀπὸ
1200 1502 1249 1546 δὲ
1249 1479 1487 1572 στεφάναν
1506 1501 1715 1572 κέκαρσαι
1738 1499 1921 1559 πύργων,

311 1563 396 1604 Τιο.
427 1562 509 1604 783
530 1562 655 1615 βαῖνε
685 1557 906 1630 πατριιύων
937 1557 1114 1631 πύργων
1143 1555 1220 1603 ἐπ’
1243 1556 1380 1616 ἄκρας
1409 1557 1639 1617 στεφάνας.
1673 1562 1731 1603 of.
1751 1562 1921 1614 Antipat.

313 1623 358 1660 A.
376 1619 418 1660 P.
437 1620 494 1660 IX
517 1620 596 1660 151
619 1621 709 1660 ποῦ
730 1615 942 1675 στεφάναι
962 1616 1161 1688 πύργων,·
1180 1620 1240 1660 De
1260 1631 1399 1660 corona
1418 1622 1547 1660 autem
1567 1621 1689 1660 utitur
1707 1619 1923 1660 Herodotus

311 1678 411 1718 VIII
444 1676 535 1718 118.
578 1700 629 1706 —
672 1677 865 1718 Neutrum
896 1673 1162 1732 στεφάνωμα
1200 1678 1295 1718 item
1335 1678 1386 1717 ad
1415 1681 1542 1718 turres
1571 1678 1770 1729 pertinens
1799 1676 1919 1717 semel

311 1736 512 1775 invenitur
539 1735 642 1787 apud
674 1734 905 1787 Sophoclem
938 1733 1043 1786 (Ant.
1077 1735 1155 1775 121
1188 1729 1452 1789 στεφάνωμα
1482 1729 1688 1789 πύργων).
1727 1756 1782 1763 —-
1817 1733 1921 1775 Mas-

316 1792 505 1845 oulinum,
539 1793 585 1833 de
616 1803 726 1832 muro
748 1793 908 1840 dictum,
938 1793 1039 1833 redit
1068 1794 1109 1832 in
1129 1793 1368 1832 carminibus
1387 1793 1610 1844 posterioris
1630 1793 1769 1832 aetatis
1790 1791 1921 1844 epicis.

313 1901 423 1948 ἐννέ’
457 1901 533 1948 ἐπ’
570 1900 797 1962 ὀργυιῶν“
764 1902 907 1975 ε’ρκος
937 1920 1233 1976 περιμηιιετον
1264 1902 1394 1962 άντην
1426 1906 1676 1974 φρουρεῖται
1720 1901 1925 1960 πύργοισι

312 1978 398 2063 {33¹4
429 1935 1139 2078 (8.ῗὲξῖἷῖέὲιῶύῗὲῗὶἷξνέριῒῖἶῖξῗ.
1174 1960 1925 2091 ffisgbufffftssz'gz‘ssjofffflffl

314 2081 354 2120 vi
373 2080 581 2120 adhibetur
604 2079 765 2131 Dionys.
785 2079 873 2121 Per.
897 2080 1004 2121 1006
1028 2074 1273 2131 Βαβυλώνί
1261 2075 1352 2134 ιερὴ
1380 2075 1523 2130 πόλις,
1555 2072 1604 2134 ἣν
1624 2074 1680 2133 ῥά
1707 2091 1754 2119 τε
1775 2077 1924 2119 πᾶσαν

313 2132 499 2188 τείχεσιν
527 2130 784 2192 ἇρραγέεσσι
807 2132 1047 2191 Σεμίραμις
1067 2132 1378 2192 ἐστεφάνωσεν.
1406 2136 1623 2177 Pausanias
1643 2137 1737 2176 dicit
1756 2134 1830 2186 (IX
1853 2132 1925 2203 152

313 2195 1045 2293 ¹2223.E125?3¹f⁰322222223¹53
1056 2195 1234 2292 αῗῶῗέ.
1243 2194 1519 2292 ¹¹²t⁰¹³0333113
1543 2194 1685 2299 ἓιῗῖθῖι
1708 2187 1858 2291 Θέἔῖὲ
1880 2190 1929 2291 ἱῖι

315 2311 484 2362 ornatur,
528 2263 656 2362 prim}
693 2266 837 2350 myentio
869 2264 981 2350 Gfacta
1019 2264 1105 2350 gese
1145 2310 1299 2350 videtur
1335 2310 1376 2349 in
1416 2309 1653 2349 carminibus
1675 2262 1840 2375 Οὲξιίἰε
1854 2261 1923 2360 94)

317 2367 386 2418 (ef.
416 2367 556 2408 Athen
586 2367 659 2408 XV
680 2366 827 2417 6820:
856 2381 883 2423 η
911 2363 960 2408 δὲ
989 2363 1065 2407 σὺν
1102 2360 1402 2422 ἀμφιπόλοισι
1443 2361 1733 2421 φιλομμειδὴς
1761 2365 1923 2421 Λφρο-

410 2535 468 2581 23)
494 2538 585 2569 Idem
608 2547 682 2569 cum
715 2538 882 2570 felicitatis
914 2548 1046 2578 quoque
1080 2538 1214 2569 notione
1247 2536 1414 2568 adhibuit.
1451 2537 1489 2568 P.
1515 2538 1531 2567 1
1558 2538 1622 2568 100
1646 2531 1869 2578 ἀμφοτέροισι
1892 2531 1924 2571 δ’

317 2583 403 2620 (scil.
439 2583 489 2628 τῷ
526 2593 564 2616 ευ
601 2583 717 2617 wazso»
752 2581 811 2618 καὶ
845 2594 882 2617 ευ
919 2580 1068 2627 ἀκουειν)
1102 2579 1190 2626 ἀνὴρ
1223 2593 1263 2621 ος
1296 2578 1336 2616 ἂν
1367 2580 1519 2626 ἐγκύρσῃ
1556 2580 1616 2615 καὶ
1651 2579 1725 2625 ἕλῃ,
1762 2580 1926 2625 στέφανον

317 2625 459 2670 υψιστον
483 2627 652 2663 δέδεκται.

412 2674 470 2717 24)
494 2675 634 2706 Prorsus
657 2675 724 2706 alia
745 2678 796 2706 est
819 2679 965 2707 veterum
983 2675 1190 2715 quorundam
1207 2675 1493 2714 grammaticorum
1517 2674 1690 2714 sententia,
1713 2674 1770 2712 qui
1784 2682 1924 2705 coronae

319 2720 387 2751 vim
414 2730 486 2751 esse
521 2722 711 2760 genuinam,
747 2721 830 2753 alias
862 2725 972 2753 autem
1006 2721 1304 2760 significationesi
1295 2721 1372 2751 inde
1404 2721 1583 2752 translatas
1615 2729 1686 2750 esse
1708 2719 1846 2750 volunt·
1882 2720 1924 2750 ef.

320 2766 438 2798 Athen.
465 2767 479 2796 1
510 2767 600 2798 180.
638 2762 711 2800 ἀλλ’
735 2761 815 2800 ουδὲ
847 2765 1142 2821 στεφανουμένους
1167 2764 1298 2820 εἰσάγει
1319 2764 1522 2810 (Homerus),
1557 2763 1669 2798 καίτοι
1699 2763 1749 2809 τῷ
1784 2761 1824 2797 ἐκ
1858 2763 1925 2807 τῆς

321 2811 517 2854 μεταφορᾶς
539 2807 732 2854 ομοιώματι
756 2810 971 2854 σημαίνεται,
1007 2823 1062 2846 οτι
1083 2807 1166 2855 ᾔδει
1198 2808 1255 2845 τὸν
1280 2810 1451 2855 στέφανον.
1477 2810 1566 2854 φησὶ
1590 2810 1669 2853 γοῦν
1694 2832 1703 2840 -
1723 2835 1731 2842 .
1772 2811 1924 2842 .dainde

320 2857 510 2889 Athenaeus
534 2858 594 2889 hos
617 2859 700 2890 duos
724 2867 840 2890 versus
863 2859 978 2891 affert.-
1000 2869 1022 2892 κ
1048 2860 1112 2890 195
1130 2861 1164 2889 et
1186 2855 1216 2890 N
1246 2858 1322 2890 ⁷36
1371 2857 1436 2889 Sed
1461 2859 1546 2889 hanc
1570 2857 1704 2887 illorum
1727 2858 1923 2889 sententiam

320 2912 378 2933 cur
402 2903 496 2941 sequi
520 2913 586 2934 non
610 2904 774 2943 possimus
798 2904 853 2936 hio
877 2905 1030 2945 pluribus
1051 2904 1116 2935 dici
1140 2912 1223 2943 opus
1247 2913 1313 2934 non
1349 2907 1409 2944 est,
1447 2904 1524 2944 quia
1551 2911 1675 2939 eorum,
1711 2910 1795 2942 qnos
1821 2912 1924 2944 snpra

321 2949 427 2987 attuli,
453 2950 599 2980 locorum
623 2950 826 2990 aliorumque
849 2951 935 2990 apud
961 2951 1141 2982 Homerum
1164 2950 1216 2980 vis
1239 2949 1316 2981 huie
1339 2950 1459 2981 obstet.
