2144 3412
940 238 1223 282 -84„.

272 364 523 404 nominantur
564 363 702 403 fratres
740 366 779 403 et
818 366 1063 431 sorores⁴⁸).
1124 362 1404 421 κασί-γνντος
1433 368 1554 420 igitur
1583 373 1642 409 est
1661 362 1815 409 ‘eadem
1843 369 1886 409 in

270 423 386 472 gente
431 429 554 468 natus,
602 414 944 473 consanguineus&
1003 422 1086 463 Hoc
1126 425 1257 464 autem
1297 424 1523 465 vocabulum
1566 437 1692 466 nonne
1728 426 1886 478 respicit

265 479 631 530 antiquissimorum
676 481 893 545 temporum
938 490 1084 527 mores,
1134 481 1277 533 quibus
1326 482 1482 534 singula
1523 484 1710 535 cuiusque
1754 484 1883 534 gentis

264 536 444 575 membra
486 535 559 575 sub
589 546 665 575 uno
705 537 805 575 tecto
849 538 976 577 vivere
1007 539 1315 578 consueverunt?
1356 561 1411 568 —
1456 539 1643 580 Vocabuli
1674 541 1883 606 genuinam

263 594 340 631 vim
378 593 582 643 postquam
615 592 916 644 enucleavimus,
947 594 1149 635 videamus
1180 597 1371 647 postremo
1402 607 1552 649 quoque
1581 609 1680 650 quae
1720 598 1771 637 sit
1798 598 1884 637 eius

265 649 510 700 etymologia.
555 651 682 701 Atque
713 650 999 691 substantivum
1033 653 1166 692 eodem
1197 654 1308 692 modo
1340 656 1528 694 mutatum
1559 666 1643 695 csse
1674 666 1695 694 e
1724 649 1883 703 *κάτις

264 710 380 758 itque
413 701 548 755 πόσις
578 718 599 746 e
629 701 795 756 *πότις
825 710 1031 749 ostendunt
1053 709 1249 756 vocabula,
1281 722 1379 776 quae
1410 709 1611 751 Prellwstz.
1641 711 1664 751 l.
1686 725 1719 753 c.
1741 724 1775 763 p
1802 711 1880 752 140

266 776 310 802 ex
343 765 475 803 vetere
516 763 652 815 lingua
691 765 864 805 bactrica
909 766 1041 806 affert:
1083 767 1190 807 kata—
1221 760 1387 825 Haus',
1418 768 1517 808 kati-
1569 761 1788 809 Hausherr'
1804 782 1814 815 ;
1845 771 1883 809 et

265 821 313 860 ad
348 821 511 861 eandem
542 822 703 872 stirpem
744 824 845 862 certe
886 823 1125 864 referendum
1169 807 1233 864 ost‘
1255 824 1319 864 lat
1352 822 1445 865 casa
1475 825 1515 874 (e
1545 810 1655 874 entia,
1686 826 1816 877 caasa)
1847 828 1885 866 et

263 889 405 918 nomen
436 879 633 930 proprium
667 880 835 919 Cassius.
869 880 923 920 Cf
953 880 1038 920 Tac.
1069 893 1156 921 ann.
1189 881 1243 921 VI
1278 882 1354 922 15:
1385 882 1542 923 Cassius
1571 882 1714 934 plebeii
1736 882 1882 923 Romae

265 936 440 986 generis,
470 947 606 976 verum
636 938 786 989 antiqui
820 937 1082 990 honoratique.

380 988 693 1047 καταπτύστη]
753 994 924 1034 Verbum
958 995 1124 1047 simplex
1153 997 1256 1048 apud
1287 996 1501 1037 Homerum
1532 997 1703 1047 genuina
1731 998 1881 1037 tantum

263 1051 302 1090 vi
346 1052 556 1102 usurpatur
595 1049 658 1103 (cf.
697 1051 740 1091 Ψ
766 1051 847 1092 697
886 1043 1004 1119 αἷμα
1050 1050 1166 1104 παχὺ
1210 1049 1442 1106 πτύοντα);
1490 1053 1673 1094 translate
1714 1055 1882 1120 positum

263 1108 433 1174 primum
472 1108 668 1148 invenitur
717 1102 961 1149 ἆποπτύειν
1000 1112 1102 1181 ³pud
1143 1111 1377 1152 Hesiodum:
1421 1123 1479 1163 op.
1511 1110 1594 1151 724
1625 1107 1734 1180 μηδέ
1776 1103 1878 1151 ποτ’

267 1161 316 1231 ἐξ
347 1157 449 1232 τ’,οῢς
470 1160 548 1205 Διὶ
569 1162 766 1232 λειβέμεν
787 1161 966 1207 αι’θοπα
987 1181 1105 1209 οινον
1123 1165 1270 1234 χερσὶν
1291 1162 1543 1209 ανίπτοισιν
1567 1166 1698 1236 μηδ
1704 1160 1879 1209 ἅλλοισ’

265 1202 578 1262 ἀθανάτοισιν·
610 1216 658 1263 οὗ
688 1220 769 1276 γὰρ
801 1219 871 1264 τοί
898 1237 943 1277 γε
973 1220 1184 1274 κλύουσιν,
1216 1220 1497 1267 ἀποπτιοτσι
1528 1223 1575 1266 δε
1595 1239 1621 1265 τ
1672 1218 1881 1279 ἆράςῦθ).

263 1279 464 1320 Translata
493 1291 646 1332 quoque
677 1284 779 1321 certe
810 1284 868 1321 est
897 1283 1081 1323 adiectivi
1112 1279 1396 1338 καταπτύστη
1428 1285 1543 1331 notio,
1574 1294 1689 1335 quam
1719 1283 1881 1323 sormam

266 1338 574 1377 Anacreonteum
606 1336 800 1404 (fr.152)
831 1338 971 1379 Pollux
1001 1341 1173 1381 nominat
1202 1341 1243 1381 11
1277 1340 1368 1382 103.
1429 1341 1484 1382 Of.
1514 1340 1657 1382 Aesch.
1691 1340 1804 1381 Eum.
1827 1338 1880 1380 68

268 1396 316 1435 de
356 1394 470 1434 furiis
508 1408 552 1434 αι
597 1390 896 1436 κατάπτυστοι
937 1392 1075 1450 κόραι,
1117 1397 1289 1466 Ghoeph.
1322 1399 1402 1439 616
1433 1398 1599 1465 γοᾶται
1619 1429 1628 1438 .
1661 1429 1671 1439 .
1704 1429 1713 1438 .
1743 1391 1880 1438 κατά-

268 1463 461 1492 πτυστον
492 1447 732 1506 (μισητόν);
775 1452 868 1493 Eur.
899 1453 956 1493 Tr.
992 1454 1100 1495 1024
1142 1446 1176 1495 ὦ
1207 1450 1511 1496 κατάπτιστον
1543 1450 1668 1509 κάρα.
1727 1454 1879 1495 Anaxil.

265 1510 369 1561 apud
408 1509 548 1549 Athen
587 1509 685 1549 XIII
717 1509 980 1551 558azv013
1031 1508 1339 1554 καταπτύστου
1385 1510 1533 1566 γένους
1582 1512 1877 1565 (meretricum).

265 1567 379 1619 Apud
409 1568 689 1607 Anacreontem
734 1579 886 1620 quoque
923 1570 1016 1609 item
1058 1571 1105 1610 de
1135 1570 1204 1610 tali
1248 1571 1393 1611 femina
1423 1571 1569 1610 dictum
1601 1583 1685 1611 esse
1714 1570 1876 1610 videtur.

379 1619 647 1693 καταχύδην]
679 1625 723 1664 fr.
757 1624 822 1674 90,
854 1625 878 1665 3
911 1637 988 1666 συν
1017 1621 1306 1684 Γαστροδώρῃ
1334 1622 1657 1681 καταχύδην45)
1689 1622 1876 1668 πίνουσα

266 1678 340 1736 τὴν
371 1677 585 1732 ἐπίστιον,
618 1681 655 1721 Ιι.
688 1694 717 1722 e.
749 1682 932 1748 poculum
963 1696 1088 1734 usque
1127 1686 1175 1725 ad
1205 1685 1369 1726 fundum
1400 1685 1644 1726 exhauriens.
1702 1683 1877 1736 Simplex

267 1739 412 1791 legitur
451 1751 540 1779 cum
571 1740 705 1779 eadem
736 1741 774 1779 vi
806 1740 922 1780 Leon.
953 1741 1036 1781 Tar.
1067 1744 1111 1782 A.
1142 1742 1250 1783 Plan.
1282 1742 1385 1783 306:
1410 1737 1721 1797 Ἀνακρείοντα
1748 1738 1878 1796 χύδην

272 1792 595 1865 σεσαλαγμένον
625 1790 742 1851 οι’νιμ.
776 1797 831 1838 Cf
862 1797 960 1838 Plat.
991 1798 1095 1851 legg
1127 1799 1182 1840 IX
1212 1799 1342 1840 8581).

382 1850 548 1923 κελέβη.
556 1854 570 1905 ]
600 1855 865 1895 Anacreonti
854 1867 994 1907 lugens
1015 1868 1083 1896 vas
1105 1859 1173 1898 est.
1194 1857 1239 1897 fr.
1261 1857 1338 1897 32:
1361 1850 1533 1911 ᾠνοχόει
1557 1849 1600 1897 δ’
1623 1849 1882 1910 ἀμφίπολος

268 1907 473 1978 μελιχρὸν
503 1903 632 1960 οἶνον,
662 1907 903 1966 τρικύαθον
932 1909 1147 1969 κελέβην)
1129 1911 1297 1966 ε’χοισα,
1330 1915 1398 1956 ubi
1418 1926 1578 1955 urceum
1599 1914 1804 2012 significat3
1834 1925 1881 1954 ex

269 1982 344 2021 quo
383 1970 518 2009 vinum
559 1970 600 2009 in
640 1970 822 2021 poculum
863 1970 1092 2013 infunditur.
1151 1972 1260 2013 Idem
1302 1974 1360 2013 est
1389 1973 1435 2014 fr.
1467 1971 1520 2011 42
1551 1970 1727 2040 καθαρζ
1835 1966 1881 2012 ἐν

267 2022 422 2096 κελέβῃ
452 2022 583 2067 πέντε
614 2040 660 2066 τε
694 2024 770 2068 καὶ
799 2028 917 2096 τρεῖς
946 2021 1208 2081 ἀναχείσθω,
1241 2034 1279 2070 et
1306 2030 1351 2070 fr.
1374 2029 1427 2070 63
1459 2042 1533 2080 αγε
1563 2025 1615 2085 δὴ
1644 2021 1747 2083 φέρ’
1757 1969 1881 2084 ὄῆμὶν

271 2076 307 2124 ὦ
337 2083 423 2124 παῖ
453 2080 639 2138 κελέβην,
670 2079 784 2133 ὅκως
823 2079 1009 2138 ἄμυστιν
1054 2082 1247 2141 προπίω,
1288 2088 1356 2127 ubi
1386 2087 1611 2127 Athenaeus
1641 2086 1715 2137 (XI
1745 2085 1827 2126 475
1840 2083 1879 2152 c)

268 2153 337 2193 per
367 2135 554 2209 ἔκπωμα
593 2143 879 2192 interpretatur,
920 2144 990 2183 sed
1032 2156 1106 2184 ιιοιι
1147 2147 1263 2192 reete,
1302 2156 1392 2184 nam
1422 2147 1637 2196 sequuntur
1666 2143 1785 2184 haec·
1825 2138 1880 2183 τὰ

269 2195 349 2252 μὲν
379 2193 468 2239 δέκ’
503 2194 651 2265 ἐγχέας
694 2194 864 2250 ύδατος,
906 2214 960 2240 τα
997 2197 1129 2241 πέντε
1158 2194 1205 2241 δ>
1237 2195 1355 2242 οίνου
1393 2197 1597 2250 κυάθους.
1643 2213 1698 2230 ⁴—-
1741 2200 1880 2241 Gram-

269 2257 435 2296 maticus
464 2257 531 2296 ubi
565 2258 648 2296 eius
680 2257 858 2298 vocabuli
889 2258 1163 2310 etymologiam
1194 2270 1305 2299 suam
1335 2258 1450 2311 plane
1478 2259 1649 2325 ineptam
1678 2259 1795 2304 dedit.
1823 2258 1882 2297 sic

269 2315 414 2365 pergit:
448 2310 628 2380 Σιληνὸς
657 2311 706 2354 δὲ
726 2311 801 2354 καὶ
822 2311 1090 2383 Κλείταρχος
1108 2328 1210 2364 τους
1229 2311 1421 2365 Αἰολεῖς
1441 2327 1576 2384 φασιν
1598 2309 1710 2356 οῖ’τω
1730 2312 1880 2355 καλεῖν

273 2368 323 2410 τὸ
354 2367 576 2425 ποτήριον.
608 2367 850 2440 Πάμφιλος
875 2369 924 2413 δὲ
944 2369 994 2412 τὸ
1015 2369 1255 2430 [ποτήριον]
1285 2369 1596 2427 θερμοποτίδα
1616 2368 1881 2425 καλούμενον

269 2425 343 2483 τὴν
386 2426 564 2498 κελέβην
607 2420 719 2469 εἶναι
762 2429 827 2480 (ex
868 2429 977 2481 ligno
1022 2430 1174 2472 scilicet
1216 2431 1382 2471 factum:
1427 2431 1473 2471 cf.
1515 2431 1577 2471 Et.
1618 2430 1669 2470 M.
1701 2429 1795 2478 502,
1827 2428 1880 2469 14

270 2483 443 2539 κελέβη
482 2478 602 2534 εἶδος
631 2482 843 2542 ποτηρίου
873 2482 1071 2554 ξυλίνου).
1113 2484 1356 2541 Νίκανδρος
1385 2481 1429 2528 δ’
1462 2483 1486 2529 ὁ
1516 2482 1805 2557 Κολοφώνιος
1835 2481 1880 2527 ἐν

271 2543 370 2591 ταῖς
399 2539 628 2592 Γλώσσαις
668 2542 924 2612 ποιμενικὸν
964 2538 1134 2612 αγγεῖον
1147 2541 1401 2615 μελιτηρὸν
1441 2542 1516 2601 τὴν
1545 2542 1723 2613 κελέβην
1750 2536 1878 2585 εἶναι.

271 2597 346 2640 καὶ
374 2596 460 2688 γὰρ
479 2594 745 2654 Ἀντίμαχος
775 2596 798 2642 ὁ
822 2598 1109 2657 Κολοφώνιος
1139 2617 1185 2644 εν
1206 2599 1398 2657 πέμπτῳ
1423 2599 1644 2658 Θηβαίδος
1673 2597 1814 2658 φησί.

362 2723 420 2767 43)
442 2724 492 2756 Cf.
517 2726 595 2757 Eur.
621 2726 690 2757 Alc
718 2728 784 2758 408
801 2727 959 2759 Eumelus
983 2738 1065 2768 puer
1085 2737 1230 2760 sororem
1250 2728 1446 2768 alloquitur·
1474 2740 1501 2761 ω
1529 2727 1665 2771 σχέτλια
1689 2724 1734 2769 δὴ
1760 2723 1880 2760 παθών

272 2766 340 2812 ἐγω
367 2767 447 2811 ἔργα
474 2766 516 2802 σύ
541 2781 578 2804 τε
603 2768 755 2827 σύγκασί
782 2783 838 2814 μοι
861 2784 969 2814 κουρα
991 2774 1109 2827 (⁸⁰¹¹⁰‚¹·
1136 2771 1325 2828 συνόμαιμε
1358 2773 1559 2829 συναδελφέ)
1596 2792 1637 2796 --
1674 2774 1725 2805 Cf.
1750 2771 1878 2803 Eur-1

274 2817 310 2846 Τ
338 2816 403 2847 800
435 2816 617 2857 (Orestes):
643 2811 676 2850 ω’
698 2828 953 2862 συγκασιγνητη
988 2830 1026 2852 τε
1050 2815 1118 2853 κοῖκ
1141 2815 1264 2853 ταυτοῦ
1289 2817 1417 2861 πατρὸς
1447 2815 1698 2862 Ἀγαμέμνονος
1730 2816 1880 2861 γεγῶσα.

365 2859 423 2900 44)
447 2862 509 2892 Dei
534 2866 570 2893 ut
593 2863 706 2895 vinum
730 2866 771 2895 ab
796 2865 984 2897 hominibus
1009 2876 1074 2896 non
1099 2866 1162 2898 rite
1187 2865 1320 2897 libatum
1356 2871 1524 2905 evomunt,
1558 2866 1606 2896 sic
1630 2874 1742 2896 eorum
1764 2873 1879 2904 proces

275 2917 405 2946 quoque
429 2907 476 2937 ita
499 2909 645 2947 prolatas
669 2911 855 2949 repudiant.

367 2954 426 2992 45)
451 2954 609 2994 Dactylus
633 2965 693 2994 pro
717 2956 827 2987 iambo
852 2957 989 2996 positus.
