2144 3412
909 246 1191 290 -89-

252 370 328 414 καὶ
372 371 578 414 τελευτῶν
593 371 675 443 δὴ
717 368 865 429 πάσης
907 368 932 414 ὃ
981 371 1179 422 τοιοῖτος
1222 368 1471 428 παρρησίας
1524 367 1583 422 ὡς
1628 369 1768 428 σοφὸς
1807 366 1866 411 ὢν

250 443 487 484 μεστουται
529 426 604 471 καὶ
645 427 962 501 ἐλευθερίας,
1036 432 1220 472 .Aratus
1257 432 1298 471 in
1339 430 1638 498 phainomenon
1669 431 1864 499 prooemio

251 488 307 537 (v.
338 486 408 557 2):
433 499 591 541 μεσται
632 485 681 530 δὲ
711 485 823 538 Διὸς
863 488 1005 530 πᾶσαι
1043 502 1124 542 μεν
1163 481 1318 541 ἀγυιαί,
1362 488 1506 529 πᾶσαι
1536 481 1581 529 δ’
1611 480 1865 542 ἀνθρώπιον

253 539 417 599 ἀγοραί,
447 542 585 601 μεστὴ
616 542 664 587 δὲ
693 543 905 588 θάλασσα
933 542 1007 587 καὶ
1037 542 1220 599 λιμένες.
1251 545 1416 598 Saepius
1439 547 1667 587 invenitur
1656 558 1698 586 ιιι
1718 546 1865 586 οοιιιίοο

253 615 430 644 sermone
467 604 602 656 ibique
643 603 806 670 vulgare
835 606 903 645 est.
960 604 1016 645 Οξ.
1019 615 1200 673 quoqne
1229 603 1391 644 Matron.
1424 615 1530 644 conv.
1559 604 1675 645 Attio.
1704 602 1864 671 (Athen.

251 661 308 701 IV
332 659 490 712 137b):
518 661 604 702 τῶν
636 654 681 701 δ’
705 657 789 714 ἐγώ
819 654 994 710 οὐδενὸς
1013 652 1154 716 ἧσθον
1175 655 1302 701 ἃπλιῗ
1285 674 1341 711 ς,
1371 658 1534 715 μεστὸς
1553 654 1599 701 δ’
1623 653 1864 715 ἀνεκείμην.

364 723 641 784 μνήσκομαι]
671 729 717 771 ξι.
748 730 814 779 94,
845 730 870 770 4
901 725 1055 784 ἐρατῆς
1085 724 1320 783 μνίσκεται
1351 722 1627 784 εὐφροσιῖνης.
1662 728 1722 770 De
1742 730 1866 770 forma

250 799 286 826 v.
307 786 367 826 Et.
388 786 439 827 M.
460 786 554 834 452,
573 786 627 828 34
649 790 687 828 et
710 787 835 828 Oram.
855 789 928 829 An.
949 787 1015 829 Ox.
1037 787 1060 827 I
1083 766 1174 828 197.
1203 786 1364 828 Recenti
1385 788 1541 828 demum
1561 788 1735 839 tempore
1754 787 1865 827 redit.

365 850 529 909 μύρον]
589 855 831 897 Vocabulum
873 857 1043 908 primum
1073 856 1178 908 apud
1208 855 1488 896 Archilochum
1518 856 1686 895 inveniri
1716 858 1865 895 veteres

255 914 452 964 cognitum
483 913 680 954 habebant
710 913 867 964 (Athen.
898 913 968 953 XV
999 912 1080 954 688
1093 914 1143 963 ο).
1173 913 1289 964 Apud
1318 912 1507 953 Alcaeum
1521 924 1691 980 quoque
1720 911 1866 979 legitur

255 970 370 1020 (ibid.
402 969 483 1011 687
498 971 541 1021 d)
582 974 620 1011 et
660 971 763 1023 apud
793 971 1074 1011 Anacreontem
1105 969 1168 1021 (ξι.
1200 968 1243 1022 9)
1274 965 1319 1009 τί
1355 966 1439 1024 μὴν
1470 965 1622 1010 πέτεαι
1654 964 1865 1024 συρίγγων

251 1021 489 1094 κοϊλιότερα
519 1023 684 1095 στήθεα
698 1023 972 1095 χρισάμενος
1000 1021 1149 1094 μύροις
1180 1048 1235 1055 —-
1265 1026 1418 1067 Deinde
1448 1026 1611 1078 vulgare
1642 1028 1710 1067 est.
1742 1027 1788 1068 fr.
1809 1026 1863 1067 30

252 1080 327 1124 τόν
355 1081 602 1152 μυροποιὸν
630 1078 793 1141 ἠρόμην
823 1079 1036 1137 Στράττιν
1065 1096 1104 1124 ει
1133 1080 1328 1151 κομήσει.
1361 1084 1488 1125 Codex
1507 1086 1542 1124 A
1563 1083 1865 1151 Hephaestionis

251 1137 499 1208 λιροποιόν,
545 1143 613 1183 sed
645 1142 691 1183 οξ.
732 1141 830 1184 Poll.
869 1142 948 1182 VH
980 1141 1083 1182 177.
1122 1136 1344 1208 μυρεψός·
1386 1136 1575 1194 Κριτίας
1614 1153 1695 1193 γαρ
1726 1134 1864 1190 οὕτως

249 1192 487 1253 ὠνόμασεν.
516 1194 783 1252 μιροποιός·
816 1192 925 1241 οὕτω
956 1195 1005 1239 δὲ
1041 1191 1302 1265 Ἀνακρέων.
1362 1198 1482 1239 Poeta
1511 1197 1711 1239 hominem
1741 1210 1863 1251 quen-

249 1257 338 1296 dam
378 1256 547 1297 ludibrio
589 1257 716 1304 habet,
757 1257 824 1308 qui
854 1268 1090 1309 quamquam
1119 1257 1205 1308 ipse
1245 1257 1381 1297 odores
1422 1257 1562 1309 coquit,
1603 1267 1691 1296 cum
1731 1256 1865 1296 calvus

249 1315 322 1360 sit,
363 1315 414 1354 iis
453 1314 510 1354 uti
554 1326 628 1354 non
672 1315 805 1365 possit.
878 1314 964 1355 Uno
1005 1315 1204 1380 praeterea
1245 1313 1330 1355 loco
1374 1313 1606 1354 vocabulum
1656 1314 1864 1355 invenitur.

252 1370 456 1412 Parmenio
478 1372 580 1411 enim
602 1367 647 1411 ἐν
667 1371 731 1428 τῇ
741 1367 856 1423 πρὸς
870 1364 1164 1426 Ἀλέξανδρον
1179 1363 1409 1439 Ἐπιστολῇ
1430 1369 1591 1424 (Athen.
1612 1370 1710 1412 XIII
1727 1371 1809 1412 608
1822 1370 1862 1424 a)

250 1430 350 1468 inter
398 1429 673 1480 impedimenta
722 1428 831 1470 Darii
882 1430 1056 1469 nominat
1102 1426 1372 1483 μυροποιοὺς
1420 1423 1756 1482 τεσσαράκοντα.
1809 1452 1863 1457 -

250 1480 424 1552 μίρτρς,
458 1486 506 1526 de
536 1487 651 1539 myrti
683 1497 790 1526 ramo
830 1486 1075 1554 dictumst),
1116 1487 1370 1527 Anacreontis
1375 1489 1573 1554 tempore
1601 1486 1770 1538 primum
1802 1487 1863 1526 in-

251 1543 374 1583 veniri
395 1543 559 1585 videtur.
589 1543 683 1583 Poll
700 1543 757 1584 VI
777 1543 877 1584 107·
894 1537 1144 1596 ’Λνακρέων
1164 1540 1213 1584 δὲ
1233 1540 1309 1585 καὶ
1328 1538 1509 1598 μύρτοις
1529 1539 1865 1610 στεφανοῦσθαί

250 1611 382 1655 φησιν
401 1599 463 1668 (ξι.
488 1600 599 1652 123).
630 1600 780 1642 Deinde
810 1603 934 1642 exstat
953 1613 1106 1654 quoque
1135 1602 1239 1653 apud
1269 1601 1510 1643 Simonidem
1541 1601 1604 1651 (fr.
1629 1600 1698 1670 10)
1730 1596 1863 1642 πετά-

250 1628 366 1698 λοισι
395 1652 581 1725 μύρτων,
610 1662 809 1727 praeterea
838 1660 878 1699 in
908 1659 1025 1700 scolio
1056 1658 1126 1700 illo
1146 1660 1274 1700 Attico
1295 1659 1445 1700 saeculi
1475 1660 1595 1700 sexti.
1626 1654 1672 1699 ἐν
1699 1654 1863 1711 μίρτου

248 1710 376 1755 κλαδὶ
420 1712 470 1756 τὸ
515 1711 644 1770 ξίφος
685 1711 875 1772 φορήσω.
936 1716 991 1758 Οξ.
1034 1728 1186 1769 quoque
1226 1715 1338 1757 Pind.
1369 1716 1399 1757 Ι.
1430 1717 1493 1757 III
1524 1716 1578 1757 87
1623 1713 1863 1765 λευκωθεὶς

248 1767 363 1826 κάρα
390 1786 584 1827 μυρτοις.
613 1797 658 1801 -
694 1773 936 1814 Vocabulum
968 1775 1098 1814 utrum
1129 1775 1378 1828 peregrinum
1411 1775 1463 1815 sit
1482 1774 1600 1827 (quod
1621 1772 1707 1814 vult
1736 1773 1865 1822 Hehn,

250 1829 620 1882 Kulturpflanzen⁶,
655 1830 756 1882 573)
797 1832 987 1872 incertum
1029 1830 1094 1884 (οξ.
1134 1831 1341 1880 Schrader,
1383 1832 1476 1872 ibid.
1517 1843 1552 1883 p
1584 1830 1707 1883 231):
1751 1833 1866 1872 arbor

254 1887 413 1940 quidem
444 1888 548 1940 apud
579 1887 748 1929 Graecos
779 1891 882 1929 certe
912 1889 1111 1957 indigena.

367 1940 692 2013 Ναυκρατίτης]
733 1947 779 1987 ξι.
802 1945 855 1986 83
888 1941 1129 2014 στεφάνους
1159 1938 1204 1986 δ’
1236 1939 1342 2002 ανὴρ
1370 1945 1488 1998 τρεῖς
1518 1939 1703 1994 ἕκαστος
1740 1937 1863 1996 εἶχεν,

253 1999 354 2051 τοὺς
397 1999 479 2055 μὲν
517 1998 724 2056 ῥοδιᾞνους
765 1999 841 2044 τὸν
882 2000 931 2044 δὲ
971 1999 1282 2057 Ναυκρατίτην
1345 2003 1400 2044 Οξ.
1431 2003 1475 2042 ξι.
1511 2001 1601 2043 123.
1661 2004 1863 2043 Anacreon

250 2062 401 2100 tantum
429 2059 540 2101 illius
569 2072 729 2101 coronae
759 2062 994 2101 mentionem
1025 2061 1165 2102 fecisse
1196 2062 1366 2102 videtur:
1398 2061 1539 2101 etenim
1571 2060 1604 2100 si
1635 2060 1684 2100 ab
1715 2060 1803 2100 aliis
1822 2061 1863 2099 id

250 2128 403 2170 quoque
433 2117 579 2158 factum
622 2120 735 2165 esset,
777 2130 907 2159 eorum
951 2119 1068 2159 verba
1107 2120 1269 2159 reddere
1306 2118 1585 2170 grammaticus
1615 2116 1864 2158 Naucratites

251 2178 355 2214 certe
384 2186 461 2215 ιιοιι
491 2175 696 2215 omisisset.
739 2175 875 2226 Qualis
906 2179 1008 2216 esset
1036 2188 1175 2216 corona
1207 2179 1356 2217 veteres
1385 2176 1514 2215 varias
1543 2176 1754 2215 sententias
1775 2187 1864 2227 pro-

250 2231 388 2272 tulisse
419 2232 602 2273 docemur
631 2245 678 2273 ex
708 2234 832 2285 ipsius
861 2233 1054 2274 Athenaei
1088 2235 1228 2281 verbis,
1268 2235 1335 2286 qui
1366 2232 1436 2273 XV
1468 2232 1581 2273 675ξ
1606 2231 1786 2283 pluribus
1816 2233 1864 2272 de

252 2300 299 2329 ea
329 2289 420 2340 egit.
464 2312 516 2319 —-
562 2289 669 2331 Haec
714 2290 836 2342 igitur
878 2290 986 2331 illius
1031 2303 1192 2332 coronae
1236 2291 1379 2332 mentio
1425 2302 1513 2331 cum
1544 2290 1592 2330 ab
1626 2292 1864 2330 Anacreonte

250 2349 400 2387 tantum
439 2346 541 2387 iacta
569 2348 632 2395 sit,
673 2359 823 2388 morum
853 2347 1168 2389 Naucratitarum
1211 2349 1385 2389 notitiam
1417 2349 1613 2398 quandam
1645 2347 1748 2399 apud
1779 2348 1864 2387 eius

252 2402 458 2455 populares
500 2404 623 2445 fuisse
667 2405 907 2457 divulgatam
950 2409 1120 2457 apparet.
1179 2406 1288 2456 Quod
1330 2408 1433 2446 certe
1463 2417 1538 2445 non
1570 2405 1732 2444 mirum:
1774 2416 1862 2444 nam

252 2462 354 2501 inter
395 2472 462 2502 eas
514 2462 651 2510 urbes,
707 2464 848 2516 quibus
893 2464 941 2504 ab
986 2464 1120 2504 Amasi
1166 2475 1257 2516 rege
1302 2461 1393 2517 iusj,
1409 2463 1630 2503 commercii
1676 2460 1863 2503 Naucrati

350 2642 408 2683 48)
433 2642 521 2673 Idam
545 2642 709 2680 nioeuiflcat
741 2645 838 2676 etiam
873 2643 1016 2686 μυρσίνη
1048 2650 1083 2680 (ν
1064 2647 1115 2676 νοΙ
1150 2643 1303 2687 μυρρίνῃ)
1340 2643 1455 2686 μυρτίν
1439 2647 1507 2686 ν,η)
1543 2645 1684 2685 quodv
1665 2644 1828 2676 voc-buin
1810 2654 1863 2676 ιιιιι

255 2688 360 2726 primu
363 2688 454 2719 min
458 2689 587 2720 venitur
621 2690 706 2730 apud
732 2691 964 2722 Archilochum
998 2691 1052 2732 (ξι.
1080 2690 1151 2734 29):
1187 2689 1314 2734 ἔχουσα
1349 2689 1472 2724 Βαλλόν
1509 2690 1672 2733 μυρσίνςη
1698 2688 1864 2743 ἐτέρπετο

253 2732 359 2775 ῥοδῆς
375 2743 412 2767 τε
430 2731 532 2768 καλὸν
550 2729 660 2775 affice,
686 2741 718 2767 et
734 2736 764 2767 h.
786 2738 885 2771 Μοιο,
904 2738 944 2769 81
969 2735 1171 2779 συμμίσγων
1189 2736 1333 2778 μυρίκας
1351 2734 1408 2769 καὶ
1426 2734 1677 2778 μυρσινοειδέας
1695 2730 1804 2776 ὄζους.
1819 2754 1860 2760 -

256 2782 282 2811 Α
321 2785 429 2819 myrto
488 2790 582 2811 omen
619 2780 741 2813 habent
778 2781 856 2825 Μυρ
860 2793 910 2816 σι
912 2792 948 2821 ος
983 2783 1134 2814 Eleorum
1170 2793 1206 2813 ιιι
1193 2782 1247 2814 rba
1284 2781 1328 2825 (B
1362 2783 1443 2813 618
1486 2782 1600 2822 postea
1640 2780 1785 2823 Μυρτου·
1785 2792 1863 2815 τιον

256 2825 388 2856 ιιοιιιιιίιι
370 2825 437 2864 ata)
462 2830 494 2857 et
520 2824 691 2867 Μυρσίλος
715 2827 909 2860 Lesbiorum
934 2834 1006 2869 tyra
1010 2838 1105 2868 ns‚nu
1129 2834 1161 2859 οι
1185 2827 1353 2868 Μυρτίλος
1377 2828 1537 2860 Oenomai
1562 2838 1621 2860 aur
1624 2828 1686 2866 iga.
1707 2846 1744 2851 -—
1766 2828 1839 2868 Quo
1820 2829 1862 2858 od

253 2871 450 2903 Archilocho
482 2871 636 2903 tribuitur
666 2874 720 2911 (ξι.
751 2874 849 2914 10⁶„
873 2871 955 2915 ιδιὶξ
975 2871 1014 2907 τὸ
1046 2871 1181 2916 μύρτον.
1205 2881 1313 2915 etymo
1294 2875 1411 2915 ologus
1436 2875 1501 2916 (Et.
1528 2874 1571 2906 Μ.
1598 2876 1677 2930 884,
1704 2874 1760 2914 18)
1795 2883 1861 2905 ιιοιι

254 2922 341 2949 reete
373 2918 423 2949 sic
457 2917 708 2958 interpretatur:
747 2918 906 2963 σημαίνει
938 2917 977 2955 δὲ
1011 2917 1073 2961 τήν
1099 2918 1280 2962 μυρσίνην·
1314 2920 1436 2952 indicat
1472 2920 1582 2961 potina
1610 2915 1648 2955 τὸ
1674 2922 1862 2964 γυναικεῖον

254 2960 399 3004 minoem
424 2964 467 2996 ef.
493 2964 574 2997 Hes.
598 2974 624 2995 ι.
650 2961 787 3007 μύρτος,
809 2966 865 3007 qni
882 2971 1054 3006 utrumque
1078 2967 1221 3006 quidem,
1247 2961 1371 3008 μύρτος
1395 2970 1428 2998 et
1452 2964 1587 3010 μύρτον
1611 2966 1656 2998 ibi
1680 2965 1861 2998 conruunt.
