2144 3412
981 230 1261 272 -98—

315 357 432 399 etiam
464 357 622 396 verbum
645 354 812 407 simplex
832 354 1012 396 similiter
1032 359 1251 427 usurpatur,
1282 357 1390 398 velut
1408 359 1546 400 Anaer.
1577 359 1622 401 fr.
1657 359 1729 400 18:
1761 355 1922 412 ψάλλω

313 406 357 453 δ’
389 408 683 465 εἷκοσίχορδον
722 407 912 466 μαγάδιν
955 406 1074 463 ἔχων,
1115 428 1150 454 ω
1189 408 1447 467 Λεύκασπι,
1486 412 1539 458 σύ
1582 410 1626 456 δ’
1661 411 1782 473 ἡβᾷς,
1814 420 1853 459 et
1880 418 1920 460 in

312 470 389 510 alio
419 470 536 510 soolio
566 469 678 520 (ibid.
708 482 743 522 p.
776 469 917 510 6940:
957 465 1065 525 ἡβᾶν
1092 467 1203 523 μετὰ
1234 470 1320 512 τῶν
1350 466 1524 527 φίλων).
1575 474 1630 515 Cf.
1663 475 1753 516 Hes.
1785 468 1918 529 ἡβᾶν·

315 520 541 580 ἀκμάζειν,
572 522 748 577 νεάζειν,
779 520 1054 577 εὖωχεῖσθαι,
1083 523 1407 581 μεθύσκεσθαι.
1439 529 1538 571 Vide
1567 532 1684 572 etiam
1715 526 1919 587 ξύνηβος·

313 580 558 637 συμπότης,
605 581 790 639 συνῆλιξ.
851 583 1054 625 Praeterea
1094 580 1344 641 ἐνηβητήρια
1382 588 1555 628 nominat
1608 589 1828 630 devorsoria
1868 590 1917 630 ad

312 642 486 681 convivia
529 643 680 693 agenda
725 644 946 693 comparata
990 642 1207 683 Herodotus
1237 643 1278 683 11
1313 642 1404 686 133.
1462 644 1518 685 Cf.
1559 645 1652 686 Hes.
1697 640 1919 701 ἣβητύρια·

318 694 579 754 ἕστιατήρια.
610 694 867 747 καταλύσεις
896 694 1143 752 (συμπόσια
1172 700 1315 741 Athen.
1345 700 1378 740 X
1408 700 1490 742 425
1504 701 1557 755 e).
1817 692 1822 701 ¹

426 762 632 821 τακερός.]
675 767 835 820 Proprie
865 768 1006 808 dieitur
1035 769 1082 809 de
1112 770 1344 817 amantibus,
1374 781 1538 822 quorum
1566 771 1761 812 medullae
1790 783 1921 813 amore

311 825 526 872 tabescunt,
566 827 682 877 atque
713 826 760 866 de
791 837 923 866 eorum
954 825 1065 866 vultu
1106 827 1343 867 desiderium
1381 827 1579 868 indicenti.
1636 828 1698 869 De
1727 829 1920 881 Cupidine

311 883 394 933 ipso
435 882 538 934 apud
578 882 742 935 Ibycum
773 882 836 935 (tr.
870 883 906 930 2,
940 880 1004 935 1);
1029 877 1151 936 Ἔρος
1181 879 1307 924 δεῦτέ
1344 897 1399 936 με
1428 881 1671 926 κυανέοισιν
1699 880 1786 927 ὑπὸ
1817 883 1919 939 βλε-

312 933 1151 1051 ff‘dffi‘ssgwnsgfiiofff‘l‘ff‘iz?‘'iii“iss‘bg’
1163 941 1290 1039 2233}
1299 942 1502 1039 Αέιῗιῗθῖῗ
1522 940 1922 1042 (ἔῗξῗῖἔοτῖῗὲὲῖῗὲ

314 1066 400 1095 esse
430 1066 506 1094 non
536 1056 640 1095 reete
669 1056 816 1095 iudioat
845 1056 892 1095 de
922 1056 1003 1103 deo,
1033 1067 1103 1107 per
1131 1067 1247 1107 quem
1286 1057 1453 1097 amantis
1482 1067 1621 1108 oorpus
1649 1058 1823 1099 tabidum
1853 1058 1920 1099 nt:

291 1150 294 1155 .
311 1112 353 1151 in
383 1113 498 1152 deum
529 1113 656 1163 potius
686 1113 815 1164 ipsum
844 1112 1075 1152 transfertur
1094 1113 1243 1164 speeies
1263 1115 1443 1155 amantis.
1463 1136 1519 1142 -
1539 1114 1691 1155 Deinde
1711 1115 1758 1155 of.
1778 1114 1921 1157 Philet.

312 1170 416 1220 apud
438 1169 577 1210 Athen.
597 1169 694 1210 XIII
717 1169 797 1210 559
810 1181 851 1210 a:
882 1164 942 1218 ὡς
969 1166 1160 1222 τακερόν,
1191 1161 1226 1210 ὦ
1247 1170 1342 1218 Ζεῦ,
1371 1167 1448 1212 καὶ
1473 1169 1670 1224 μαλακὸν
1691 1168 1740 1213 τὸ
1761 1165 1917 1226 βλέμμ’

311 1221 410 1276 ἔχει,
452 1226 627 1277 Aloiphr.
661 1239 720 1279 ep.
754 1228 788 1274 1,
821 1226 895 1267 28:
940 1225 1038 1276 πῶς
1068 1220 1140 1267 οὖν
1182 1224 1364 1282 τακερὸν
1407 1224 1601 1282 βλέπεις,
1644 1230 1773 1282 Antip.
1803 1231 1848 1270 A,
1877 1229 1921 1271 P.

312 1283 366 1324 IX
399 1283 497 1324 567:
536 1277 830 1338 Ἀντιοδημίς,
868 1275 895 1338 ἢ
925 1285 1131 1336 τακεραῖς
1160 1280 1400 1326 λεύσσουσα
1428 1282 1580 1339 κόραις
1615 1281 1923 1340 μαλακώτερον

310 1334 460 1381 ὕπνου.
520 1341 682 1382 Luoian.
713 1341 844 1382 Toxar.
880 1341 953 1382 15:
992 1338 1067 1382 καὶ
1098 1337 1198 1383 ἐπεὶ
1226 1337 1391 1397 ᾔσθετο
1421 1343 1622 1395 ποννρῶς
1651 1339 1805 1395 ἔχοντα
1844 1341 1922 1386 καὶ

311 1393 547 1453 διάβροχον
596 1393 675 1454 ’ήδη
714 1396 776 1453 τῷ
807 1393 936 1451 ἔρωτι
987 1396 1063 1440 καὶ
1104 1396 1284 1455 τακερὸν
1326 1412 1611 1455 γεγενημένον.
1671 1401 1725 1442 Cf.
1766 1413 1917 1455 quoque

311 1455 405 1497 Hes.
437 1450 641 1512 τακερόν·
671 1451 840 1511 τηκτόν.
870 1451 1055 1510 οἰκτρόν.

425 1521 555 1579 τρύξ]
585 1526 631 1567 fr.
653 1525 718 1574 41,
741 1526 765 1565 2
797 1521 1087 1581 στεφανοῦταί
1113 1539 1159 1566 τε
1180 1520 1292 1580 λύγῳ
1313 1522 1388 1566 καὶ
1409 1522 1540 1581 τρύγα
1560 1522 1676 1567 πίνει
1697 1523 1916 1582 μελιηδέα.

311 1583 405 1625 Hes,
435 1579 590 1637 τρύγα·
622 1575 741 1623 οἶνον
772 1576 1011 1638 ἀδιῆθητον
1040 1576 1146 1624 άπὸ.
1163 1581 1300 1637 ληνοῦ.
1349 1583 1523 1625 Mustum
1552 1585 1675 1636 igitur
1702 1585 1917 1637 signifieat;

311 1641 403 1681 item
435 1641 502 1683 Ar.
531 1641 625 1682 nub.
659 1641 712 1681 50
752 1635 865 1691 ὄζων
905 1636 1070 1697 τρυγός,
1109 1638 1318 1696 τρασιᾶς;
1358 1653 1443 1693 pao.
1474 1642 1554 1682 576
1586 1641 1661 1696 τῆς
1690 1637 1844 1695 τρυγός
1869 1656 1918 1684 τε

309 1695 386 1753 τῆς
414 1693 622 1751 γλυκείας.
668 1699 841 1751 Utroque
869 1698 951 1739 looo
981 1698 1103 1739 schol.
1134 1695 1231 1740 νέου
1260 1692 1392 1738 οἴνου.
1445 1699 1501 1740 Of.
1531 1698 1628 1740 Poll.
1662 1699 1716 1739 VI
1740 1698 1813 1740 18:
1843 1697 1918 1741 τὸν

315 1752 366 1796 δὲ
397 1748 515 1796 οἶνον
543 1752 618 1796 καὶ
647 1751 780 1810 τρύγα
810 1756 1033 1810 Κρατῖνος
1062 1751 1107 1796 ἕν
1135 1749 1314 1808 (Ὡραις·
1334 1748 1453 1796 (ἀλλ’
1485 1747 1534 1812 ἦν
1563 1749 1633 1796 ὅτ’
1665 1751 1710 1796 ἕν
1741 1752 1918 1824 φώσωνι

316 1809 393 1868 τὴν
423 1808 522 1868 ἰ’σην
552 1808 661 1864 ἔχων
689 1806 788 1867 μετ’
822 1810 929 1867 ἐμοῦ
959 1811 1114 1867 διῆγες,
1147 1807 1323 1868 οἴναρον
1352 1808 1489 1853 ἕλκων
1517 1813 1595 1870 τῆς
1622 1826 1788 1867 τρυγος.

427 1876 684 1935 ὑποθυμίς.]
715 1882 855 1923 Athen.
877 1882 948 1923 XV
970 1882 1109 1923 6740:
1141 1877 1323 1923 ἐκάλουν
1354 1878 1403 1922 δὲ
1443 1878 1518 1923 καὶ
1549 1873 1618 1931 οἷς
1649 1879 1922 1939 περιεδέοντο

311 1935 387 1979 τὸν
429 1935 641 1994 τράχηλον
684 1935 924 1994 στεφάνους
968 1934 1265 1993 ὑποθυμίδας,
1311 1934 1372 1988 ὡς
1407 1932 1619 1988 Ἀλκαῖος
1663 1936 1709 1981 ἐν
1752 1937 1924 1991 τούτοις

313 1996 375 2047 (fr.
407 1996 504 2049 36)·
541 1989 660 2054 teild'
704 1990 846 2053 ἀνήτω
885 1993 966 2051 μὲν
1004 1994 1109 2050 περὶ
1149 1997 1248 2047 ταῖς
1289 1993 1460 2052 δέραισι
1491 1993 1698 2050 περθέτω
1730 1995 1923 2049 πλεκτὰς

318 2049 604 2108 ὑποθυμίδας
624 2047 725 2103 τίς’.
765 2051 841 2095 καὶ
867 2051 1045 2110 Σαπφώ
1075 2054 1138 2108 (fr.
1171 2053 1268 2107 46)·
1301 2051 1395 2114 (καὶ
1420 2052 1611 2103 πολλαὶς
1636 2049 1923 2110 ὑποθυμίδας

311 2108 522 2161 πλεκταὶς
543 2105 660 2166 ἀμπ’
692 2105 847 2168 ἀπαλᾷ
877 2105 1018 2168 δέρᾳ’.
1048 2108 1123 2152 καὶ
1148 2104 1398 2168 Ἀνακρέων
1419 2111 1480 2165 (fr.
1506 2110 1603 2165 39)·
1637 2110 1849 2168 επλεκτοὶς
1877 2107 1918 2154 δ’

310 2163 599 2223 ὑποθυμίδας
637 2166 740 2225 περὶ
781 2164 966 2224 στήθεσι
996 2164 1180 2218 λωτίνας
1209 2162 1392 2211 ἔθεντοῖ
1440 2169 1581 2210 678d:
1611 2164 1844 2223 ὑποθυμὶς
1871 2167 1923 2212 δὲ

312 2222 387 2267 καὶ
407 2222 682 2281 ὑποθυμίδες
702 2223 912 2282 στέφανοι
929 2220 1044 2281 παρ’
1057 2222 1300 2268 Αἰολεῦσιν
1321 2223 1397 2267 καὶ
1419 2221 1578 2277 Ἴωσιν,
1603 2217 1678 2276 οὓς
1699 2223 1802 2282 περὶ
1820 2225 1922 2278 τοὺς

313 2279 552 2352 τραχήλους
581 2280 900 2340 περιετίθεντο,
933 2279 991 2333 ὡς
1022 2283 1175 2339 σαφῶς
1195 2279 1314 2325 ἔστιν
1341 2284 1507 2338 μαθεῖν
1538 2280 1587 2324 ἐκ
1615 2285 1690 2338 τῆς
1716 2278 1924 2327 Ἀλκαίου

311 2338 387 2382 καὶ
413 2338 726 2396 Λνακρέοντος
766 2337 995 2398 ποιήσεως.
1044 2339 1235 2397 Φιλητᾶς
1263 2334 1308 2382 δ’
1350 2337 1396 2382 ἕν
1425 2341 1521 2390 τοῖς
1545 2334 1780 2391 Ἀτάκτοις
1807 2338 1921 2384 ὑπο-

316 2395 484 2453 θυμίδα
511 2395 740 2453 Λεσβίους
770 2396 904 2455 φησὶν
932 2396 1082 2440 καλεῖν
1110 2394 1317 2454 μυρσίνης
1346 2396 1501 2450 κλῶνα,
1532 2396 1636 2452 περὶ
1665 2392 1716 2440 ὃν
1746 2397 1924 2442 πλέκειν

312 2450 362 2496 ἰἀ
390 2457 466 2498 καὶ
495 2451 609 2498 ἄλλα
640 2450 768 2512 ἄνθη.
827 2458 935 2498 Haeo
972 2459 1103 2498 autem
1144 2468 1284 2497 corona
1322 2457 1380 2496 sio
1421 2457 1694 2497 nominabatur
1734 2454 1808 2498 διοὶ
1846 2455 1923 2515 τὴν

313 2507 548 2570 ἀποφορὰν
577 2511 651 2555 καὶ
682 2508 1010 2568 άποθυμίασινε
1045 2514 1145 2554 Plut.
1177 2515 1323 2566 quaest.
1357 2525 1464 2554 conv.
1494 2514 1557 2554 III
1590 2514 1626 2563 1,
1645 2514 1680 2555 3.
1712 2537 1768 2544 —
1797 2515 1921 2557 Vooa-

313 2572 450 2612 bulum
479 2573 601 2625 igitur
631 2574 690 2613 est
718 2573 878 2612 asiatico
908 2574 1060 2613 tantum
1089 2572 1130 2611 in
1160 2583 1336 2612 somene
1365 2572 1563 2611 usitatum.

427 2635 705 2692 ὑποπόλιος.]
725 2641 770 2681 fr.
793 2641 845 2681 25
865 2637 1028 2695 γένειον
1047 2632 1306 2690 ὑποπόλιον,
1327 2639 1365 2679 h.
1383 2651 1413 2680 e.
1435 2640 1661 2689 subcanum,
1677 2640 1922 2693 aliquantum

315 2709 466 2739 eanum.
523 2699 717 2739 Homerus
745 2692 1036 2751 μεσαιπόλιος
1066 2699 1164 2738 dixit
1192 2696 1259 2749 (N
1283 2695 1398 2748 361).

430 2761 684 2821 φαλακρός.)
717 2767 765 2809 fr.
798 2766 850 2807 68
883 2763 1108 2822 φαλακρὸς
1124 2760 1319 2816 ’.Ἄλεξις
1350 2765 1497 2807 calvus.
1557 2766 1647 2806 Her.
1678 2765 1735 2806 IV
1765 2765 1819 2807 23
1846 2759 1921 2806 ι’ίν-

314 2824 495 2876 θρωποι
537 2820 764 2878 φαλακροὶ,
798 2820 846 2864 ἐκ
887 2825 1028 2879 γενεῆς
1065 2818 1304 2876 γενόμενοι;
1346 2823 1393 2864 of.
1428 2823 1491 2863 III
1525 2823 1587 2863 12.
1617 2825 1681 2864 Ar.
1710 2835 1794 2875 pao.
1825 2822 1921 2872 ⁴771,

314 2881 404 2920 nub.
436 2881 540 2928 540;
571 2882 746 2922 Herodas
777 2882 813 2931 6,
845 2882 911 2923 59.
942 2882 1016 2928 76;
1048 2881 1140 2922 Eur.
1164 2880 1268 2932 Gyol.
1300 2880 1382 2920 227
1414 2875 1656 2934 πρόσωπον
1686 2874 1921 2935 φαλακρόν.
