2144 3412
943 211 1225 255 -83-.

283 338 384 394 472)
426 342 466 382 et
502 339 668 381 Lesbios
697 338 808 393 (ibid.
838 339 920 381 430
934 339 990 392 D)
1031 343 1069 380 et
1107 340 1342 407 Corcyraeos
1371 339 1483 389 (ibid.
1514 335 1586 390 83)
1625 337 1667 377 in
1705 348 1780 377 usu
1820 337 1889 377 est.

281 398 429 451 Epicus
459 398 562 438 enim
601 400 724 450 poeta,
765 399 878 456 qui
886 397 1047 438 heroum
1076 389 1260 437 virtutes'
1303 396 1506 437 celebrans
1547 395 1697 436 elatiori
1727 395 1889 435 orationi

282 456 447 504 studeat,
476 454 666 495 vocabula
708 439 899 495 cotidiano
938 466 1118 495 sermone
1156 456 1248 494 trita
1286 455 1436 506 spernit
1466 455 1504 493 et
1532 453 1721 505 repudiat.
1779 451 1889 491 Post·

284 514 430 554 eriores
470 516 606 564 poetae
647 515 876 564 receperunt
916 511 1174 564 principalem
1220 511 1398 552 vocabuli
1438 511 1622 551 formam:
1679 509 1727 549 de
1771 509 1890 548 fratre

282 571 430 611 dietum
471 570 619 621 legitur
660 571 763 622 apud
801 570 973 637 tragicos
1012 568 1172 638 (Aeseh
1202 569 1240 609 S
1283 569 1365 609 657
1411 567 1588 608 Eteocles
1623 561 1805 634 ι’ίρχοντί
1845 558 1885 605 τ’

279 621 423 681 άρχων
450 624 524 667 καὶ
565 623 807 693 κασιγνήτῳ
849 622 989 677 κάσις,
1035 622 1197 680 ἐχθρὸς
1241 622 1319 667 σύν
1363 622 1509 679 ἑχθρῶ
1554 619 1800 680 στίσομαι),
1841 624 1889 663 de

280 696 410 725 sorore
439 686 608 736 primum
638 685 835 725 invenitur
863 685 965 736 apud
995 685 1298 724 Anacreontem:
1328 683 1377 725 ef.
1406 681 1528 723 schol.
1558 682 1649 722 Eur.
1681 682 1775 722 Hec.
1806 680 1885 720 361

280 739 356 798 τὴν
379 735 581 808 Ἕκτορός
610 754 657 781 τε
684 736 876 795 χὰτέρων
898 739 1074 782 πολλῶν
1093 737 1244 782 κάσιν·
1271 734 1518 807 Ἀνακρέων
1548 738 1611 808 (fr.
1636 739 1685 779 12
1699 737 1740 791 a)
1771 730 1887 806 ουτ’

282 771 387 867 ἐμήν
417 793 533 849 (οὔτε
563 796 645 866 μὲν
674 799 733 839 M:
765 811 838 840 em.
867 797 1019 852 Bergk)
1049 793 1224 854 ἁπαλὴν
1252 794 1393 838 κάσιν.
1424 792 1712 851 σεσημείωται
1742 779 1837 836 de‘
1821 789 1887 835 ότι

283 853 359 910 τὴν
378 853 562 923 θήλειαν
582 851 713 896 κάσιν
732 848 868 897 εἶπεν.
900 856 1107 897 Praeterea
1127 856 1173 896 ef.
1195 868 1228 896 ν.
1251 854 1352 896 943:
1383 852 1463 895 τάν
1482 854 1579 894 τοῖν
1601 848 1891 920 Διοσκούροιν

286 882 457 955 Ἑλέναν
485 909 632 954 κάσιν·
664 914 786 954 schol.
819 908 884 954 ότι
916 906 1113 967 ὀλιγάκις
1150 912 1291 953 κεῖται
1321 909 1373 952 τὸ
1402 906 1531 959 κάσις
1571 907 1649 951 ἐπὶ
1685 904 1890 964 ἀδελφῆς,

282 967 360 1012 ἐπὶ
390 968 438 1011 δὲ
468 964 658 1025 ἀδελφοῦ
687 966 916 1019 πολλάκις.
977 969 1198 1021 Aeschylus
1236 980 1389 1022 quoque
1418 969 1646 1009 femininum
1678 968 1890 1034 usurpavit,

279 1029 348 1068 sed
377 1028 563 1068 translate
593 1029 771 1080 quidem:
802 1029 842 1069 S.
873 1027 955 1067 477
987 1024 1130 1080 λιγνὺν
1157 1022 1379 1094 μέλαιναν,
1410 1020 1561 1079 αἰόλην
1591 1021 1730 1078 πυρὸς
1749 1019 1889 1074 κάσιν,

279 1086 351 1137 Ag.
384 1084 465 1126 473
506 1081 636 1134 κάσις
680 1083 819 1140 πηλοὶ
865 1079 1070 1139 ξύνοιρος
1109 1079 1244 1135 διψία
1282 1078 1415 1132 κόνις.
1474 1082 1717 1122 Vocabulum
1763 1076 1892 1130 κάσις

280 1154 365 1183 esse
404 1145 598 1183 vetustum
643 1145 759 1194 atque
802 1142 1016 1194 antiquitus
1066 1142 1248 1181 omnibus
1287 1152 1450 1192 graecae
1500 1139 1660 1191 linguae
1712 1138 1891 1179 dialectis

280 1211 484 1240 commune
513 1200 623 1240 dccet
652 1199 749 1240 haec
779 1198 967 1252 Hesychii
998 1199 1139 1251 gl,ossa
1169 1210 1286 1251 quam
1317 1210 1449 1238 eorum
1471 1198 1642 1265 quidem,
1673 1198 1739 1249 qui
1760 1195 1890 1236 adhuc

280 1258 328 1297 de
367 1256 440 1297 hoc
471 1256 656 1297 vocabulo
686 1258 859 1323 egerunt,
890 1268 1003 1296 nemo
1033 1257 1252 1323 inspexisse
1274 1257 1445 1296 videtur:
1475 1249 1730 1307 κάσιοιη)
1770 1266 1813 1294 οι
1843 1266 1891 1293 εκ

278 1310 376 1424 ’Ξῖἶὲγ
378 1307 722 1420 ἔν”Ἐςά-ἷζζῖὲἑς
727 1306 1306 1425 ἑῗεέἵὲῖπῖῗεέἕιὲἷὲἕ
1314 1308 1736 1420 ’.κῗιᾶαἶῗιὲῖηἶῖὶΐέ
1754 1304 1893 1409 ῗῖἔὲῗὲ

278 1425 353 1483 τὴν
329 1383 573 1484 εγάόελφήν
603 1428 782 1469 hausisse
811 1430 978 1480 putant).
1009 1429 1091 1469 Hoc
1131 1384 1303 1480 ἰςίιιιιΊ·2
1281 1427 1514 1468 vocabulum
1545 1427 1708 1467 eandem
1738 1437 1891 1479 quoque

281 1486 448 1526 notionis
494 1487 720 1526 varietatem
767 1487 935 1526 eontinet
982 1489 1098 1538 atque
1146 1481 1414 1541 κασίγνητος.
1485 1483 1564 1525 Sed
1613 1484 1892 1550 grammaticus

282 1544 399 1583 etiam
446 1555 582 1584 novam
624 1543 737 1584 affert
776 1544 980 1590 notionem,
1025 1554 1116 1583 nam
1160 1544 1434 1595 interpretatur
1471 1555 1512 1581 οι
1558 1537 1608 1582 ἐκ
1646 1541 1722 1597 τῆς
1757 1533 1892 1607 αὐτῆς

281 1593 445 1655 ἀγέλης.
506 1601 590 1641 Hoc
620 1602 668 1640 ad
698 1601 1092 1642 Lacedaemoniorum
1125 1612 1251 1641 mores
1281 1601 1438 1647 recedit,
1481 1599 1585 1651 apud
1615 1610 1712 1651 quoa
1740 1592 1889 1651 ἀγέλαι

278 1659 526 1698 nominantur
555 1653 688 1725 λόχοι
719 1659 864 1711 quibus
892 1658 1037 1710 singuli
1068 1658 1345 1709 Spartanorum
1376 1658 1487 1710 pueri
1517 1657 1802 1697 attribuuntur:
1843 1656 1891 1696 ef

279 1713 379 1756 Plut.
409 1714 501 1766 Lyc.
538 1715 587 1755 16
619 1717 643 1754 ὸ
674 1713 830 1756 Λικοῖ
835 1728 975 1770 ργος.
1031 1746 1040 1755 .
1073 1710 1244 1764 πάντας
1273 1717 1348 1760 (se.
1382 1711 1567 1765 παῖδας)
1597 1706 1729 1762 εὐθὺς
1760 1726 1891 1754 επτα-

280 1772 393 1820 ετεῖς
422 1769 673 1826 γενομένοις
704 1770 1060 1841 παραλαμβάνων
1089 1765 1221 1821 αὐτὸς
1250 1768 1313 1821 εἷς
1343 1765 1501 1840 αγέλας
1538 1765 1786 1821 κατελόχιζε
1815 1766 1890 1810 καὶ

280 1824 519 1892 σιννόμους
548 1830 687 1870 ποιῶν
707 1828 782 1871 καὶ
803 1825 1069 1884 συντρόφους
1098 1823 1196 1883 μετ’
1229 1823 1426 1885 ἀλλήλων
1454 1823 1599 1879 εἴθιζε
1629 1823 1892 1881 συμπαίζειν

279 1883 351 1927 καὶ
383 1883 674 1938 συσχολάζειν.
734 1888 837 1928 Huic
876 1889 1061 1928 iuvenum
1101 1892 1275 1928 catervae
1314 1887 1438 1927 altera
1460 1897 1629 1955 quodue
1658 1885 1891 1952 respondere

280 1945 434 1984 videtur
452 1945 682 1985 feminarum
706 1946 745 1986 ἰιι
766 1945 916 1986 choris·
946 1945 995 1986 cf.
1012 1944 1152 1985 Athen.
1173 1944 1264 1985 XIV
1286 1943 1367 1985 631
1385 1957 1424 1985 c.
1455 1958 1481 1998 η
1500 1937 1544 1984 δ’
1565 1937 1892 1998 υπορχηματική

281 1994 400 2042 ἐστιν
430 1997 476 2042 ἑν
495 1992 519 2056 ᾗ
550 1996 703 2070 ᾄδων“
687 2016 711 2041 ο
730 2000 859 2053 χορὸς
879 1996 1085 2070 ὀρχεῖται
1172 1997 1427 2056 ,Πίνδαρος
1446 1998 1497 2043 δέ
1515 2013 1646 2069 φησιν
1666 1999 1729 2053 (fr.
1754 2000 1832 2040 112
1846 2000 1890 2051 b)

281 2035 519 2116 Λάκαινα
543 2056 623 2127 μὲν
652 2058 890 2126 παρθένων
929 2053 1093 2127 άγέλαῖ
1125 2052 1348 2129 ορχοῦνται
1390 2055 1439 2100 δὲ
1480 2054 1636 2127 ταύτην
1677 2053 1800 2125 παρὰ
1830 2058 1892 2121 τῷ

281 2100 492 2184 Ἡινδάριι)
524 2129 563 2158 οι
595 2112 824 2167 Λάκωνες,
866 2114 939 2158 καὶ
969 2113 1089 2158 ἐστὶν
1119 2111 1484 2173 [υπορχηματική]
1502 2110 1690 2183 όρχησις
1720 2108 1888 2169 ανδρῶν

280 2170 357 2214 καὶ
386 2174 606 2227 γυναικῶν.
643 2174 721 2216 Sed
750 2176 801 2215 ad
832 2175 988 2216 Cretum
1019 2186 1190 2243 quoque
1202 2186 1329 2215 mores
1359 2175 1460 2215 redit
1489 2166 1637 2240 ἀγέληε
1669 2172 1713 2213 ef.
1735 2172 1890 2213 Heracl

282 2230 391 2271 Pont.
423 2232 471 2271 de
492 2232 647 2272 Oretum
680 2234 855 2273 civitate:
886 2246 926 2273 οι
960 2227 1120 2281 παῖδες
1150 2245 1192 2273 οι
1222 2227 1268 2272 ἐν
1302 2227 1480 2300 Κρήτῃ.
1503 2243 1570 2272 ..·
1594 2223 1888 2299 ἀθροίζονται

284 2284 333 2329 δὲ
363 2280 510 2355 αγὲλαι
542 2285 718 2340 τούτων,
761 2287 834 2330 καὶ
865 2282 938 2344 ἐφ’
983 2284 1168 2340 ἑκάστης
1178 2284 1339 2356 ἅρχων
1379 2284 1554 2342 γίνεται,
1594 2301 1644 2327 ον
1684 2284 1891 2328 καλοῦσιν

283 2337 502 2412 ἀγελάτην.
561 2347 617 2388 Of.
650 2347 739 2388 Hes.
781 2341 961 2414 ἀγέλας·
1001 2343 1101 2395 τούς
1144 2339 1426 2400 (ἇγελάστους
1468 2347 1572 2387 cod.:
1616 2357 1688 2386 em.
1730 2344 1890 2396 Nauck)

283 2397 494 2470 ἐφήβους·
538 2404 718 2460 Κρῆτες.
779 2406 825 2453 Ii,
870 2406 937 2457 qui
983 2406 1022 2445 in
1054 2405 1189 2444 eadem
1230 2407 1384 2445 caterva
1413 2406 1515 2451 sunt,
1554 2402 1740 2471 aequales
1779 2406 1889 2450 sunt3

283 2462 322 2500 et
369 2455 498 2509 κάσις
546 2463 662 2502 ctiam
712 2461 812 2503 hane
861 2462 979 2503 habet
1028 2463 1233 2502 notionem.
1303 2462 1360 2503 Of.
1402 2461 1494 2502 Hes.
1538 2455 1687 2528 κάσις·
1738 2461 1891 2515 (κασης

283 2518 385 2557 eod:
424 2530 495 2559 em.
526 2518 662 2570 Musm)
702 2514 941 2575 ἡλικιώτης.
1001 2518 1090 2559 Non
1130 2520 1292 2559 dubium
1336 2530 1422 2559 esse
1461 2520 1608 2571 potest,
1638 2513 1766 2571 αγέλη
1795 2518 1891 2570 quid

283 2575 335 2615 sit
376 2576 415 2615 in
457 2577 622 2624 civitate,
662 2578 702 2618 in
746 2589 822 2630 qua
865 2577 975 2629 pueri
1006 2588 1082 2617 non
1124 2587 1148 2615 a
1186 2577 1424 2628 parentibus,
1465 2576 1534 2616 sed
1574 2574 1731 2628 publice
1774 2575 1889 2615 edue-

283 2634 418 2672 antur:
463 2632 616 2685 effigies
656 2635 714 2675 est
753 2634 936 2682 familiae,
968 2634 1036 2674 ubi
1066 2634 1159 2673 item
1189 2637 1304 2686 atque
1334 2635 1374 2674 in
1414 2635 1569 2674 caterva
1607 2644 1710 2673 unus
1751 2633 1890 2672 ceteris

285 2691 413 2741 gentis
453 2691 639 2731 membris
678 2694 840 2743 praeest.
897 2687 1025 2740 κάσις
1071 2691 1192 2742 igitur
1230 2692 1323 2743 quid
1366 2691 1452 2731 eet?
1510 2690 1571 2731 De
1600 2701 1645 2731 eo
1674 2690 1890 2742 generatim

284 2746 434 2796 dicitur,
477 2748 554 2831 qui,
596 2759 685 2789 cum
729 2760 774 2790 ex
814 2750 947 2791 eadem
991 2750 1106 2800 gente
1146 2749 1208 2797 sit,
1253 2750 1440 2802 cognatus
1472 2750 1541 2798 est,
1581 2749 1619 2789 et
1645 2747 1802 2800 proprie
1832 2747 1890 2787 sie

374 2874 433 2916 ⁴2)
468 2873 569 2905 Estne
605 2870 725 2912 κάοιις
758 2874 960 2915 legendum?
1008 2874 1214 2914 Quamquam
1252 2873 1342 2904 illam
1380 2882 1512 2913 quoque
1548 2873 1688 2905 sormam
1723 2874 1888 2906 exstitisse

284 2927 402 2951 nomen
427 2920 595 2959 proprium
622 2916 751 2958 Κάσιος
773 2921 875 2962 (apud
901 2921 1014 2957 Eleos)
1041 2921 1186 2952 iudicare
1210 2920 1341 2951 videtur
1365 2920 1500 2960 (Athen.
1527 2919 1610 2951 xm
1636 2921 1700 2952 693
1720 2921 1765 2959 L).

1567 2975 1625 3018 6*
