2144 3412
993 213 1276 256 —64=

446 334 657 388 mutim]
716 334 942 378 κωτίλλειν
980 339 1148 390 primum
1193 339 1388 379 invenitur
1415 339 1519 391 apud
1549 338 1762 379 Hesiodum
1793 339 1940 406 dietum

332 398 380 437 de
411 396 566 441 femina,
608 407 706 462 quae
736 394 860 435 multa
891 395 1008 435 verba
1032 395 1181 436 faciens
1213 396 1367 447 decipit,
1398 395 1469 464 Op.
1500 394 1582 437 373
1611 392 1722 450 μηδὲ
1759 391 1861 450 γυνή
1888 407 1939 438 σε

337 484 345 493 .
379 484 389 493 .
423 484 432 493 .
465 447 732 503 ἐξαπατάτω
763 447 925 505 αἱμύλα
965 447 1254 500 κωτι’λλουσα;
1299 447 1485 519 κωτίλος
1521 454 1569 493 de
1600 452 1756 493 homine
1784 452 1941 504 garrulo

333 512 459 550 exstat
488 509 658 561 'Pheogm
689 509 783 556 295,
815 509 875 550 So
898 508 1064 551 Phaedr.
1095 509 1140 551 fr.
1165 510 1246 550 622
1279 512 1317 550 et
1345 510 1513 561 saepius.
1548 532 1594 538 —
1628 509 1749 550 Tzetz.
1779 509 1828 550 ed
1849 509 1941 551 Hes.

328 567 402 634 Op.
435 566 556 606 374.
590 598 599 607 .
632 562 822 621 .κωτίλη
852 562 933 620 γὰρ
949 561 989 633 ἡ
1016 562 1210 617 χελιδών,
1241 562 1316 607 διὰ
1346 563 1397 606 τὸ
1426 562 1559 615 λάλος
1587 558 1711 611 εἶναι
1742 560 1865 620 παρά
1893 578 1941 608 τε

328 616 607 689 Ἀνακρέοντι
641 623 706 674 (fr.
742 623 839 674 154)
885 619 960 663 καὶ
1005 618 1226 678 Σιμωνίδῃ
1257 623 1321 676 (fr.
1352 621 1453 676 243)
1492 621 1703 664 καλεῖται.
1763 623 1813 664 Et
1848 623 1942 664 ibid.

333 681 377 720 fr.
409 679 462 720 73
503 673 681 735 ἀηδόνες
723 676 1030 721 πολικιύτιλοιζ
1092 680 1182 720 Hes.
1212 676 1394 735 κωτίλη·
1437 676 1683 735 λαλιστάτη.
1740 680 1944 721 Thebanos

335 737 566 778 hirundines
596 739 859 778 nominavisse
888 731 1136 786 κωτιλάδας
1166 740 1297 779 narrat
1326 736 1482 778 Strattis
1513 739 1688 779 comicus
1718 738 1784 788 (of.
1805 736 1945 779 Athen.

336 794 427 834 XIV
459 794 539 834 622
551 793 603 847 a).
652 794 882 835 Theocritus
911 796 959 835 de
989 795 1218 841 turturibus.
1248 795 1483 847 quibuscum
1512 796 1727 846 garrientes
1756 794 1944 835 mulieres

335 847 459 902 ξένος
503 855 701 921 comparat
746 853 849 904 apud
891 851 1140 892 Theocritum
1170 852 1256 902 (15,
1288 851 1373 904 87),
1415 864 1502 892 cum
1550 863 1616 893 eas
1652 853 1710 893 sic
1751 853 1944 903 increpat.

337 901 576 949 παύσασθ
618 900 652 950 ὦ
683 904 886 950 δύστανοι
916 902 1103 950 ἀνάνυτα
1133 904 1411 949 κωτίλλοισαι
1445 904 1656 962 τριγόνες.
1700 932 1756 939 -
1795 908 1947 958 Quanta

335 966 388 1006 sit
407 966 705 1017 significationis
725 968 893 1007 varietas
913 968 1076 1035 apparet
1107 978 1152 1006 ex
1174 966 1237 1006 his
1259 966 1411 1006 duabus
1430 965 1593 1017 glossis:
1625 966 1716 1007 Hes.
1738 960 1947 1006 κωτίλον·

335 1018 426 1078 ἡδύ.
477 1019 641 1090 τρανές.
693 1019 836 1065 λάλον.
890 1018 1116 1091 εὔστομον.
1163 1019 1365 1071 κωτίλος
1413 1023 1668 1077 πανοῦργος,
1708 1015 1947 1078 ἅπατηλός,

338 1076 609 1135 κολακειτής,
641 1074 859 1132 ἀπατεων,
891 1076 1052 1158 δόλιος,
1084 1075 1227 1129 λα’λος.

453 1146 623 1201 μισέω.]
669 1149 714 1189 fr.
746 1149 799 1189 74
831 1145 913 1202 ἐγώ
945 1146 993 1189 δὲ·
1021 1145 1162 1202 μισέω
1194 1144 1376 1197 πάντας.
1438 1148 1610 1189 Verbum
1649 1149 1690 1188 in
1731 1147 1949 1188 Homericis

341 1207 591 1253 carminibus,
632 1207 774 1258 quibus
816 1207 938 1247 semel
969 1209 1118 1246 tantum
1135 1206 1306 1273 legitur,
1338 1218 1427 1246 cum
1457 1206 1648 1246 infinitivo
1678 1206 1946 1273 coniungitur:

343 1263 382 1303 Ρ
416 1263 496 1303 272
546 1259 727 1331 μίσησεν
773 1262 984 1316 (Iuppiter)
1026 1256 1066 1303 6³
1115 1258 1199 1316 ἄρα
1219 1276 1319 1331 μιν
1364 1263 1624 1314 (Patroclum)
1667 1257 1799 1330 δηίων
1850 1258 1951 1303 κυσὶ

340 1315 500 1387 κύρμα
512 1317 732 1372 γενέσθαι.
764 1321 884 1362 schol.
915 1323 968 1361 A:
1013 1315 1136 1369 ιδιως
1173 1315 1371 1389 κέχρηται
1403 1320 1454 1376 τῇ
1485 1317 1615 1371 λέξει,
1645 1318 1719 1360 καὶ
1748 1313 1875 1371 α’παξ
1904 1330 1951 1372 γε

342 1377 414 1418 νῦν
443 1372 594 1430 μόνον·
626 1374 735 1430 λέγει
769 1374 818 1418 δὲ
846 1389 1030 1445 μισητον
1058 1372 1245 1433 ἡγήσατο
1266 1373 1480 1430 ἑγκύρημα
1509 1374 1714 1430 γενέσθαι
1745 1373 1844 1417 κυσὶ
1873 1373 1951 1417 τὸν

343 1430 613 1487 Πάτροκλον.
634 1458 691 1463 -
714 1447 873 1490 μισητη
902 1434 1165 1475 Archilochus
1196 1435 1381 1482 <fr.184‚
1410 1437 1516 1475 recte
1547 1446 1570 1474 a
1589 1435 1760 1486 Bergkio
1790 1434 1839 1474 ad
1861 1445 1951 1474 eum

342 1492 525 1537 relatum)
547 1493 594 1532 de
627 1492 873 1533 meretricula
906 1492 1182 1532 contumeliose
1203 1492 1320 1532 dixit:
1351 1492 1397 1531 cf.
1419 1492 1463 1531 L.
1484 1492 1603 1539 Gohn,
1624 1493 1673 1532 de
1693 1490 1954 1542 Aristophane

343 1549 530 1600 Byzantio
562 1552 599 1589 et
628 1549 811 1589 Suetonio
840 1549 1066 1602 Tranquillo
1087 1548 1267 1588 Eustathi
1289 1549 1513 1589 auctoribus
1542 1549 1582 1588 in
1612 1549 1751 1590 Jahrb.
1780 1547 1800 1588 f
1834 1547 1953 1588 klass.

345 1606 446 1646 Phil.
482 1607 544 1645 12.
576 1606 885 1674 Supplmentbd3,
915 1619 952 1659 p.
984 1605 1078 1647 330.
1112 1628 1163 1634 —-
1208 1605 1327 1646 Plane
1356 1607 1457 1646 sicut
1484 1607 1684 1646 Anacreon
1714 1605 1868 1646 locutus
1898 1606 1957 1646 est

343 1663 538 1703 Pindarus
569 1663 611 1703 P.
643 1664 698 1703 IV
730 1664 812 1704 284
843 1659 986 1717 ἔμαθε
1016 1656 1061 1703 6'
1094 1658 1326 1717 υβριζοντα
1354 1663 1513 1716 μισεῖν.

459 1727 706 1798 νεοθηλής]
738 1729 780 1776 Ξ
796 1731 878 1772 347
898 1728 1021 1782 χθών
1042 1729 1118 1772 δῖα
1139 1731 1245 1799 φῦεν
1267 1729 1477 1786 νεοθηλέα
1498 1726 1640 1784 ποίην
1671 1730 1761 1770 Hes.
1781 1728 1851 1769 Th.
1873 1727 1954 1769 5¹76

344 1783 587 1857 στεφάνους
628 1765 860 1843 νεοθηλέος
890 1789 965 1843 (sic
994 1790 1053 1840 M)
1083 1785 1213 1843 ποίης
1254 1789 1307 1839 (V.
1337 1787 1522 1841 spurius),
1564 1788 1601 1828 h.
1632 1786 1748 1828 Merc.
1777 1785 1831 1826 82
1861 1797 1956 1827 veo·

346 1842 514 1912 θηλέος
535 1841 637 1899 ὕλης
666 1846 702 1886 h.
726 1859 756 1887 e
777 1859 912 1887 recens
942 1847 1114 1887 virentis.
1143 1846 1296 1887 Deinde
1317 1847 1432 1886 etiam
1464 1846 1583 1885 habet
1612 1846 1692 1884 vim
1715 1838 1960 1884 ‘iuveniliter

350 1897 528 1943 florens':
559 1903 668 1944 Pind
701 1903 749 1944 N.
781 1904 835 1944 IX
866 1904 919 1944 48
951 1900 1167 1959 νεοθαλὴς
1196 1898 1240 1943 6'
1246 1898 1451 1970 αὔξεται
1480 1899 1695 1969 μαλθακᾷ
1722 1894 1957 1967 νικαφορία

347 1957 426 2000 σῦν
445 1954 588 2016 ἀοιδᾷ,
605 1961 737 2013 hymn
753 1961 877 2001 XXIX
895 1961 945 2001 13
969 1928 1141 2010 παῖδες
1147 1954 1193 2001 6’
1215 1953 1455 2016 εὐφροσύνῃ
1475 1955 1674 2014 νεοθηλέι
1694 1952 1959 1998 κυδιόωσιιν.

350 2022 553 2058 Anacreon
584 2024 715 2083 autem
746 2019 842 2059 dixit
872 2020 919 2059 de
951 2019 1111 2058 hinnulo
1142 2030 1300 2084 quoque
1324 2029 1459 2058 recens
1489 2023 1598 2057 nato:
1638 2015 1748 2056 Eust.
1778 2014 1874 2061 711,
1904 2013 1959 2054 34

348 2071 534 2143 φέρεται
562 2072 610 2115 δὲ
632 2072 705 2116 καὶ
733 2069 1047 2127 Ἀνακρέοντος
1073 2087 1225 2130 χρνσις
1245 2068 1350 2128 αἶ’τη
1371 2074 1435 2128 (fr.
1458 2075 1609 2125 51,-1)·
1640 2063 1714 2113 οἷα
1733 2084 1780 2112 τε
1809 2067 1961 2124 νεβρὸν

352 2128 561 2200 νεοθηλέα
600 2128 857 2200 γαλαθηνόν,
899 2145 1014 2186 quem
1050 2133 1243 2172 Homerus
1274 2130 1317 2185 (6
1350 2131 1444 2179 336,
1485 2129 1643 2185 ρ127)
1678 2125 1836 2180 νεβρὸν
1866 2140 1960 2183 νεη-

351 2186 473 2243 γενέα
511 2163 771 2258 γαλαθηνόν
801 2193 920 2231 vocat.
979 2190 1039 2230 De
1080 2190 1203 2230 vitulo
1241 2190 1335 2229 dicit
1374 2145 1543 2240 Philipp.
1573 2189 1621 2228 A.
1652 2186 1693 2227 Ρ.
1724 2185 1778 2226 IX
1809 2185 1904 2235 274,
1934 2184 1960 2225 3

352 2244 554 2313 νεοθηλεῖ
584 2243 748 2301 μόσχιιι.
781 2273 834 2277 -
876 2248 930 2288 Of.
961 2259 1112 2299 quoque
1142 2247 1369 2286 Anacreont
1400 2245 1551 2292 40,15
1584 2240 1837 2297 νεοθηλέσιν
1867 2237 1959 2295 ἅμα

353 2299 542 2359 κούραις.

470 2367 740 2440 νεόπλυτος]
801 2372 929 2413 Semel
972 2374 1075 2424 apud
1116 2372 1328 2412 Homerum
1369 2371 1566 2410 invenitur
1607 2365 1631 2419 ζ
1663 2368 1717 2408 64
1747 2362 1964 2408 νεόπλυτα

352 2423 504 2495 εἵματ’
537 2424 715 2480 ἔχοντες.
777 2430 832 2471 Of
864 2431 955 2470 Her.
986 2431 1026 2470 II
1058 2429 1111 2469 37
1155 2427 1316 2482 είματα
1361 2423 1410 2467 δὲ
1452 2422 1571 2466 λίνεα
1611 2421 1840 2479 φορέουσιν
1878 2419 1965 2465 αἰεὶ

357 2481 584 2535 νεόπλιτα,
605 2489 631 2528 i.
654 2499 684 2527 e.
705 2499 840 2527 recens
860 2487 997 2527 lavata.
1017 2511 1070 2515 —
1091 2487 1181 2526 Alia
1212 2495 1270 2526 est
1300 2486 1384 2525 eius
1404 2485 1462 2524 vis
1492 2484 1595 2535 apud
1615 2486 1752 2523 Anacr.
1773 2482 1818 2522 fr.
1840 2482 1906 2528 21,
1927 2480 1966 2528 4,

356 2545 425 2583 ubi
455 2549 569 2595 poeta
600 2546 646 2584 de
674 2546 884 2585 Artemone
904 2557 975 2596 per
994 2544 1209 2584 ludibrium
1240 2544 1333 2583 dicit
1362 2553 1450 2581 eum
1471 2553 1539 2592 pro
1571 2541 1798 2580 vestimento
1819 2538 1966 2580 habere

359 2595 596 2641 νεόπλυτον
624 2596 780 2670 είλιμα
808 2599 946 2656 κακῆς
975 2594 1180 2650 ἀσπίδος,
1221 2601 1322 2652 quod
1361 2598 1453 2639 Blas
1434 2611 1474 2637 ss
1504 2597 1595 2649 (Rh.
1626 2597 1678 2637 M.
1708 2595 1833 2636 XXIX
1865 2593 1964 2646 155)

360 2662 465 2697 reete
495 2660 553 2698 sic
585 2661 718 2699 vertit:
743 2634 1095 2712 (8ιιίὲ8π8381ι8ιιζ
1125 2660 1149 2698 i.
1171 2670 1203 2698 8.
1234 2657 1398 2696 lavando
1429 2658 1646 2695 renovatus.

470 2724 755 2794 παρθένιος]
786 2727 830 2767 fr.
863 2727 888 2766 4
920 2719 955 2767 ὦ
996 2727 1082 2767 παῖ
1112 2721 1357 2779 παρθένιον
1386 2719 1575 2775 βλέπων,
1614 2715 1792 2774 δίζημαί
1820 2715 1965 2769 σε,σύ

357 2775 402 2822 6'
436 2776 484 2822 οὗ
514 2779 695 2832 κλύεις.
812 2784 956 2825 Poeta
986 2785 1082 2824 haec
1113 2784 1208 2823 dicit
1237 2783 1284 2821 de
1314 2793 1432 2832 puero
1463 2784 1591 2820 amato
1623 2783 1661 2819 et
1691 2778 1868 2829 expetito,
1897 2776 1965 2828 qui

364 2851 408 2879 se
439 2841 623 2892 neglegat
664 2853 787 2894 neque
830 2854 904 2894 quo
937 2842 1127 2881 desiderio
1167 2842 1302 2890 captus
1331 2839 1382 2878 sit
1420 2839 1636 2888 cognoscat.
1695 2833 1882 2875 Similiter
1909 2834 1969 2872 in-

363 2896 586 2948 tellegenda
616 2901 715 2940 sunt
747 2910 846 2950 quae
878 2900 924 2938 de
955 2911 997 2939 se
1027 2900 1111 2950 ipso
1144 2899 1238 2938 dicit
1267 2894 1502 2946 Hippolytus
1534 2894 1642 2941 (Eur.
1673 2892 1787 2944 Hipp.
1821 2889 1970 2942 1006).
