2144 3412
952 278 1237 322 —51-

414 395 676 458 γουνοῦμαι]
707 404 892 451 Verbum.
923 405 1139 445 derivatum
1170 406 1220 446 ab
1250 406 1376 446 ionica
1405 406 1526 457 stirpe
1555 417 1716 459 γουνο-,
1747 406 1901 471 proprie

297 456 390 503 est‘
396 463 437 503 in
466 473 595 514 genua
623 454 910 514 procumbereffi
949 457 1051 502 vel‘
1061 474 1190 514 genua
1228 462 1396 503 alicuius
1426 462 1642 515 supplicem
1673 455 1876 513 amplecti’
1892 475 1901 509 ς

295 520 395 572 apud
418 519 630 559 Homerum
651 522 780 559 antem
810 520 1015 559 transitiva
1033 521 1181 559 tantum
1215 531 1302 560 cum
1334 521 1371 560 vi
1402 521 1442 560 in
1473 531 1547 560 usu
1578 522 1637 560 θεῖ
1666 522 1724 570 (et
1752 513 1900 572 γοινά·

295 573 438 630 ζομαι,
469 576 573 628 qnod
602 576 706 616 idem
728 576 951 628 significat),
981 577 1114 629 ibique
1137 579 1196 617 est
1216 571 1352 629 ‘alqm
1373 570 1606 629 implorare'.
1635 575 1775 629 Neque
1796 577 1899 628 apud

294 634 510 675 Hesiodum
540 634 738 673 invenitur
757 645 902 700 neque
921 634 960 673 in
992 633 1157 686 hymnis.
1217 633 1356 674 Postea
1385 638 1515 674 autem
1546 634 1609 674 bis
1639 633 1734 674 locis
1758 636 1899 674 exstat:

294 690 443 731 Archil.
474 690 527 730 75
559 683 693 730 κλῦθ
739 684 849 742 ἄναξ
880 684 1109 745 (Ἠφαιστε,
1151 687 1226 731 καί
1267 703 1343 744 μοι
1375 685 1600 744 σύμμαχος
1629 687 1899 760 γουνουμένῳ

293 745 421 796 ἵλαος
448 743 590 800 γένεος
622 750 759 787 Anacr.
792 748 827 794 1,
862 749 883 787 1
915 743 1147 801 γουνοῦμαί
1167 741 1209 787 σ’
1244 744 1487 803 ἐλαφηβόλε
1519 749 1554 795 2,
1588 749 1611 788 6
1643 739 1800 800 ωναξ.

293 801 526 858 γουνοῦμαί
547 816 609 844 σε.
640 805 814 857 Uterque
835 806 957 856 igitur
975 809 1088 871 poeta
1107 805 1317 845 Homerum
1341 808 1522 851 sectatur
1542 809 1740 856 praeterea
1759 779 1901 854 autem,

292 862 394 914 quod
424 862 526 914 apud
556 865 765 914 utrumque
794 861 940 913 legitur
979 863 1018 902 in
1050 862 1216 914 hymnis,
1257 864 1322 914 qui
1354 863 1535 902 dicuntur
1561 858 1768 915 κλητικοί,
1810 874 1899 903 cum

293 919 494 959 fortuitum
528 931 614 959 esse
645 930 718 958 non
749 921 881 971 possit,
913 930 958 959 ea
988 920 1037 959 de
1067 930 1183 959 causa
1213 919 1286 959 hoc
1327 920 1572 965 vocabulum.
1613 921 1714 971 quod
1747 921 1900 972 utrique

293 988 339 1016 ex
358 977 485 1028 ipsius
505 987 681 1016 sermone
701 981 831 1015 notum
854 988 929 1016 non
950 979 1042 1023 erat,
1071 975 1161 1016 illos
1181 976 1409 1016 adhibuisse
1429 977 1619 1021 videmus,
1650 988 1698 1016 ne
1718 978 1902 1018 orationis

293 1032 409 1073 elatio
453 1036 570 1085 atque
614 1033 775 1072 altitudo
820 1034 1009 1074 deessent,
1068 1033 1177 1073 Idem
1220 1036 1278 1072 est
1315 1034 1356 1072 in
1396 1033 1582 1084 Meleagri
1626 1045 1780 1098 quoque
1821 1035 1901 1085 epi-

290 1096 506 1155 grammate
533 1092 579 1130 A
609 1089 651 1131 P.
682 1090 758 1129 VII
790 1089 892 1130 476:
933 1082 1046 1129 ἄλλοί
1083 1101 1131 1129 σε
1161 1089 1404 1142 γουνοῦμαι,
1445 1088 1508 1130 Γᾶ
1540 1083 1779 1154 παντρόφε,
1821 1087 1900 1130 τὰν

292 1141 565 1198 πανόδιρτον
608 1139 745 1201 νρέμα
791 1146 890 1194 σοῖς
941 1140 1147 1198 κόλποις,
1189 1147 1346 1200 μᾶτερ,
1390 1141 1684 1199 ἕναγκσίλισαι.
1755 1147 1899 1200 Hymni

290 1215 508 1244 sermonem
549 1205 677 1244 iocose
716 1204 890 1243 imitatur
919 1204 1117 1243 Lucianus
1156 1204 1459 1269 1upp.'rragod.
1494 1205 1514 1244 1
1548 1204 1742 1253 (Minerva
1772 1205 1898 1256 Iovi):

291 1258 359 1301 ναὶ
392 1254 532 1313 πάτερ
562 1255 758 1327 ἡμέτερε,
785 1255 989 1328 Κρονιᾝδη
1026 1255 1166 1300 ἵπατε
1196 1254 1437 1327 κρειόντων,
1470 1260 1702 1314 γοινουμαί
1733 1273 1781 1302 σε
1811 1258 1897 1302 θεοὶ

291 1316 554 1384 γλαικῶπις,
584 1313 860 1386 τριτογένεια,
894 1311 1070 1369 ἕξαυᾝδα
1100 1332 1160 1371 μη
1189 1318 1320 1358 κεῦθε
1352 1312 1450 1372 νόῳ.

404 1370 610 1442 δι’ζημαι.]
655 1374 701 1416 fr.
723 1374 747 1415 4
779 1389 814 1415 ω
846 1375 932 1415 παῖ
963 1372 1208 1427 παρθένιον
1236 1357 1427 1427 βλέπων,
1461 1370 1645 1429 δίζημαί
1675 1372 1822 1426 σε,σύ
1851 1368 1897 1415 δ’

289 1424 339 1472 οὗ
379 1427 563 1479 κλιᾝεις
637 1463 646 1472 .
688 1431 867 1472 Ιοιιίθιιιιι
912 1438 970 1472 θεῖ
1013 1433 1256 1473 vocabulum.
1317 1428 1497 1487 δίζησις,
1533 1433 1570 1474 h.
1604 1445 1634 1473 e.
1667 1433 1899 1485 disquisitio,

286 1490 541 1541 perscrutatio
586 1463 683 1529 dixit
712 1488 964 1530 Parmenides
994 1491 1096 1542 apud
1127 1490 1223 1530 Plat.
1255 1491 1363 1542 soph.
1394 1503 1429 1541 p.
1462 1489 1543 1530 237
1555 1502 1591 1532 a
1634 1489 1764 1531 Semel
1795 1491 1898 1542 apud

287 1547 436 1587 Atticos
477 1547 641 1586 inveniri
674 1547 850 1587 videtur:
896 1546 1034 1587 Aesch.
1066 1547 1200 1599 Suppl.
1231 1547 1313 1587 784
1346 1543 1516 1602 φιγάδα
1545 1543 1729 1600 μάταισι
1760 1545 1898 1588 πολυ-

286 1599 449 1672 θρόοις
472 1598 602 1655 βίαια
633 1599 828 1657 δίζηνται
863 1601 1025 1654 λαβεῖν

402 1655 496 1701 είλι
496 1662 586 1713 μα.]
629 1661 675 1702 fr.
706 1661 772 1708 21,
794 1661 819 1700 4
850 1657 1087 1702 νεόπλυτον
1117 1655 1284 1729 ει’λυμα
1302 1661 1437 1716 κακῆς
1466 1653 1674 1710 ἅσπιᾞὸος
1735 1662 1900 1712 Legitur

287 1714 311 1768 ζ
346 1717 425 1758 178
467 1715 544 1766 δὸς
585 1714 634 1758 δὲ
675 1713 806 1771 ῥάκος
844 1711 1198 1788 ἀμφιβαλέσθαι
1238 1712 1284 1758 εί
1316 1732 1358 1758 τι
1400 1730 1487 1759 που
1515 1713 1671 1772 εἴλυμα
1702 1715 1898 1772 σπείρων

284 1770 377 1825 ἔχες
408 1767 568 1815 ἐνθάδ’
602 1770 740 1815 ἰοῦσα.
773 1775 867 1817 Hes,
886 1771 1068 1829 ει’·λυμα
1101 1771 1315 1828 ἐνείλυμα.
1347 1771 1610 1845 περίβλημα.
1643 1771 1895 1844 σκέπασμα.

287 1855 339 1863 -
379 1832 502 1882 Quem
542 1832 668 1872 locum
710 1836 811 1873 certe
848 1834 1023 1874 imitatus
1064 1834 1124 1873 θεῖ
1153 1834 1224 1885 Ap.
1254 1832 1330 1875 Rb.
1360 1833 1401 1873 II
1436 1833 1543 1874 1129
1576 1828 1716 1900 ἱμέας
1749 1846 1897 1886 γουνα-

284 1883 365 1942 ζόμ
370 1883 460 1939 ea',
492 1883 547 1929 αι’
571 1902 618 1930 κε
649 1883 867 1943 πίθησθε,
900 1888 1048 1931 δοῦναι
1080 1885 1184 1930 όσον
1213 1882 1257 1930 τ’
1290 1884 1447 1944 εἰλυμα
1478 1887 1582 1943 περὶ
1610 1885 1753 1944 χροός.

400 1941 595 2000 ἐλαφηβ(
597 1944 698 1996 λος]
731 1947 788 1987 Ex
818 1959 995 1988 sermone
1017 1948 1125 1999 epico
1147 1950 1266 2017 poeta
1287 1949 1464 2014 sumpsit
1498 1948 1554 1989 Of.
1587 1947 1723 1988 :318
1756 1945 1898 1989 πυκνὰ

282 1998 402 2072 μάλα
434 2001 650 2071 στειάχων
672 1998 783 2044 ὥστε
804 2001 872 2054 λὶς
901 1998 1126 2074 r’fme'vetogb
1157 1997 1192 2060 ᾧ
1213 1999 1267 2059 ῥά
1288 1998 1342 2045 θ’
1374 2001 1463 2045 ὑπὸ
1494 2000 1708 2072 σκύμνους
1737 2001 1897 2060 ἐλαφη-

283 2054 459 2114 βόλος(
436 2057 618 2118 αρπάσῃ
650 2055 752 2117 ἀνὴρ
774 2055 916 2115 ὅλης
897 2076 944 2103 εκ
966 2075 1159 2129 πυκιντς,
1192 2063 1259 2102 ubi
1292 2055 1511 2102 venatorem
1545 2064 1698 2103 omnino
1731 2064 1898 2105 denotat.

282 2118 383 2159 Vide
414 2117 525 2159 Eust.
556 2130 589 2158 a.
620 2117 659 2160 h.
689 2118 713 2159 l.
749 2119 867 2167 1145,
890 2119 942 2160 23
973 2115 1047 2159 διὰ
1077 2092 1126 2159 δε
1155 2118 1231 2159 τοῦ
1262 2115 1535 2174 ἕλαφηβόλου
1564 2115 1624 2169 ὡς
1662 2116 1710 2159 ἐκ
1739 2116 1898 2173 μέρους

282 2172 358 2216 τὸν
387 2170 543 2224 ἁπλῶς
572 2171 718 2216 πάντα
747 2173 801 2216 τοὶ
833 2170 962 2230 α’γρια
990 2171 1210 2229 βάλλοντα
1241 2173 1378 2231 δηλοῖ.
1438 2176 1649 2229 Perspicua
1678 2180 1807 2218 autem
1840 2181 1899 2218 est

284 2232 515 2285 principalis
545 2233 721 2274 vocabuli
744 2235 803 2274 vis
833 2235 872 2274 in
905 2234 1086 2287 epitheto,
1117 2246 1192 2286 quo
1213 2233 1342 2274 Diana
1362 2237 1519 2274 ornatur
1540 2236 1696 2283 (Anacr.
1717 2235 1762 2275 fr
1788 2235 1895 2284 1,1).

281 2292 411 2343 Atque
442 2290 514 2330 dea
542 2291 636 2331 item
658 2290 878 2343 appellatur
898 2303 1096 2332 cervorum
1121 2293 1293 2331 venatrix
1314 2291 1420 2332 velut
1451 2291 1487 2332 h.
1510 2291 1624 2332 Dian.
1648 2292 1684 2340 2,
1715 2293 1755 2332 in
1776 2292 1895 2332 scolio

284 2348 387 2399 apud
420 2346 560 2389 Athen.
591 2347 658 2387 XV
692 2348 822 2395 69411,
853 2348 914 2389 So.
943 2349 1002 2389 'l'r
1035 2349 1128 2388 214.

397 2399 657 2458 ἕρι’.βρομος]
707 2407 847 2447 Anacr.
891 2406 935 2448 fr.
971 2406 1015 2445 11
1052 2402 1284 2458 ἐρίβρομον
1326 2400 1557 2446 Δεόνισον.
1609 2406 1666 2447 Cf.
1707 2406 1745 2447 h.
1780 2406 1892 2448 Hom.

282 2460 338 2502 VI
361 2460 427 2510 56,
456 2460 560 2502 XXV
584 2462 603 2501 1
628 2458 843 2503 Διόνισον
873 2459 1116 2517 ἕρι’.βρομον
1170 2462 1379 2528 Panyassis
1420 2464 1522 2515 apud
1564 2462 1895 2504 Athen.1136d

286 2518 399 2558 deum
431 2519 525 2558 item
557 2521 738 2560 nominat.
770 2520 883 2562 Dion.
915 2520 999 2560 Per.
1020 2520 1101 2561 576
1136 2514 1391 2568 Βιστονίδες
1412 2517 1640 2561 καλέοισιν
1660 2515 1895 2575 ἐρίβρομον

282 2570 559 2630 Εἷραφιιηην
588 2577 660 2627 (so.
692 2576 922 2630 Bacchum).
983 2577 1040 2618 Ex
1082 2579 1133 2617 iis
1175 2578 1295 2628 igitur
1340 2578 1460 2629 epicis
1502 2578 1753 2626 carminibus,
1794 2589 1893 2631 quae

282 2635 369 2684 post
398 2632 609 2673 Homerum
642 2636 725 2674 orta
767 2638 867 2684 sunt,
910 2634 1006 2675 haee
1047 2634 1189 2675 locutio
1220 2637 1375 2686 sumpta
1417 2646 1501 2675 esse
1541 2636 1714 2683 videtur;
1755 2636 1896 2677 dieitur

284 2692 411 2730 autem
444 2690 491 2730 de
521 2689 686 2739 Baccho,
717 2693 783 2744 qui
816 2703 960 2744 magna
990 2704 1078 2732 cnm
1111 2703 1203 2731 voce
1235 2691 1466 2732 Maenadum
1490 2696 1684 2732 catervam
1716 2692 1893 2745 impellit.

282 2746 373 2788 Hes.
405 2742 637 2800 ἐρίβρομον
665 2747 930 2803 μεγαλόηχον
946 2750 997 2800 ⁹).
1042 2772 1094 2778 -
1137 2748 1337 2789 Translate
1376 2752 1587 2816 usurpatur
1626 2750 1673 2790 de
1715 2749 1893 2790 leonibus

280 2802 391 2844 Pind.
424 2803 467 2845 Ο.
499 2802 561 2844 XI
594 2805 659 2852 21,
700 2806 747 2846 de
777 2809 880 2847 terra
909 2806 950 2846 P.
983 2806 1037 2847 VI
1070 2805 1094 2846 3
1127 2799 1328 2860 ομφαλόν
1368 2801 1605 2860 ἐριβρόμου
1644 2804 1807 2857 χθονὸς
1848 2802 1893 2856 ἐς

373 2939 407 2985 9)
432 2941 545 2982 hymn.
581 2941 748 2981 delph.11
775 2942 814 2981 Β
840 2944 859 2974 8
885 2939 965 2980 Διὸς
999 2938 1181 2986 ἐριβρόμου
1219 2941 1284 2985 (110
1286 2951 1378 2974 meru
1381 2939 1470 2984 εἱρι
1473 2940 1643 2986 βρεμέτης
1667 2943 1766 2975 dixit:
1792 2944 1834 2976 cs.
1859 2940 1891 2975 N

281 2985 374 3027 eu).
422 2986 460 3017 V.
486 2986 621 3019 Crustu!
625 2997 690 3027 ,ρ-
715 2989 773 3019 n.

1553 3044 1613 3085 4*
