2144 3412
904 278 1211 321 -102-

360 404 565 451 Vocabula,
609 415 707 456 quae
752 405 792 444 in
837 404 975 445 Ionum
1023 407 1176 447 tantum
1224 408 1262 447 et
1298 406 1464 448 Aeolum
1504 420 1682 449 sermone
1722 409 1867 451 usitata

246 463 365 509 crant.
398 462 492 501 haec
514 463 685 501 exstant:
716 458 853 512 δεῦτε,
885 458 1042 517 κελέβη
1075 462 1141 503 32,
1174 464 1238 503 42.
1270 463 1336 511 63,
1368 464 1414 511 2;
1445 461 1603 520 πηκτίς
1636 466 1699 507 17.
1730 465 1767 514 3,
1789 466 1867 515 22;

245 514 472 571 ὑποθυμίς
502 518 568 559 39.
626 519 782 559 10111888
812 522 942 559 autem
972 521 1138 572 originis
1169 520 1267 561 haeo
1297 524 1409 562 sunt:
1441 516 1499 575 ἆβ
1527 518 1576 572 ός
1609 524 1673 573 17,
1698 523 1736 565 2.
1773 523 1863 572 134,

247 569 495 623 ἆόοιοὶστως
526 575 590 626 95,
633 569 892 630 ἀμφίπολος
922 576 989 627 (118
1018 575 1183 630 famula)
1217 577 1284 626 32,
1325 572 1465 633 ἄστρα
1492 577 1572 634 αλη
1602 581 1669 628 46,
1707 592 1754 634 γε
1777 577 1864 647 μέν

247 633 311 680 95,
357 627 562 686 γλυκερός
592 631 656 672 43.
689 632 726 681 3,
767 628 945 687 δίζημαι
979 633 1015 674 4.
1048 634 1084 680 2,
1127 630 1274 675 ἐπείτε
1305 635 1372 688 41,
1421 591 1514 678 elle
1546 637 1611 684 77,
1653 635 1865 694 πολιητης

249 691 283 730 1.
314 690 350 737 8,
395 686 506 744 ῥέζω
540 689 632 737 109,
673 685 837 745 ῥυσμός
868 691 934 739 74,
976 686 1126 746 σατίνη
1158 692 1224 734 21.
1259 693 1330 740 10;
1371 696 1572 745 praeterea
1601 706 1657 743 88,
1688 706 1788 747 quae
1818 707 1864 736 ex

245 748 436 787 cotidiano
466 758 642 787 sermone
673 751 784 799 poeta
814 750 1002 799 sumpsit:
1033 741 1233 801 ἀβακίζω
1267 749 1333 795 74,
1363 747 1587 805 βερβέριον
1618 752 1683 792 21.
1708 753 1742 800 1,
1772 745 1863 808 ἥόω

249 803 340 851 148,
371 799 545 857 θεσμός
573 803 648 856 (--
678 804 905 858 thesaurus)
938 805 1003 853 58,
1033 801 1282 860 μαργοσύνη
1306 807 1371 855 87,
1400 802 1616 864 μυθιητής
1649 809 1712 857 16,
1744 822 1864 863 παμ-

245 858 370 915 φαλιΐ
395 861 486 909 160,
517 857 692 915 ραπίζω
716 862 808 910 166,
840 857 1090 918 σινάμωρος
1111 864 1185 911 52;
1218 866 1256 905 81
1285 866 1539 907 meretricum
1559 867 1862 908 nominationes:

242 913 486 974 λεωφόρος,
530 914 826 973 μανιόκηπος,
867 915 1109 975 πανδοσίη,
1150 915 1399 974 πολύυμνος
1437 923 1539 971 156;
1576 919 1859 980 καταπτύστη

246 976 326 1016 152
344 974 408 1029 (ἲ).
467 975 674 1017 Praeterea
703 977 869 1017 aliorum
898 990 1051 1030 quoque
1084 978 1366 1019 vocabulorum
1408 982 1446 1021 et
1481 980 1732 1030 locutionum,
1762 993 1862 1034 quae

243 1045 318 1073 non
348 1035 498 1074 tantum
529 1035 634 1086 apud
663 1034 777 1075 Iones
819 1035 861 1079 in
899 1047 975 1075 usu
1005 1035 1171 1083 fuerunt,
1213 1037 1317 1089 apud
1357 1038 1640 1079 Anaoreontem
1670 1038 1866 1090 permulta

243 1092 495 1131 inveniuntur
525 1091 712 1143 exempla,
751 1103 851 1144 quae
880 1092 976 1132 item
1007 1094 1190 1133 cotidiani
1232 1094 1292 1134 vel
1335 1094 1512 1147 vulgaris
1553 1096 1745 1136 sermonis
1773 1106 1862 1148 spe-

243 1149 343 1189 ciem
372 1159 465 1200 prae
495 1160 537 1188 se
567 1149 705 1189 ferunt.
765 1148 864 1189 Sunt
893 1152 1023 1190 autem
1054 1149 1170 1190 haec:
1211 1151 1406 1192 adiectiva
1434 1154 1474 1192 iu
1506 1166 1635 1203 -ινος,
1667 1145 1861 1194 ἅκταινῶ

248 1205 340 1254 137,
385 1200 574 1258 ἄμυστις
605 1205 670 1246 63.
703 1206 740 1254 2,
786 1199 1071 1258 ἀνασταλύζω
1101 1206 1167 1249 43.
1198 1208 1235 1257 4,
1279 1202 1494 1265 ἀνήλατος
1527 1209 1620 1258 140,
1664 1203 1863 1266 ἀστρᾶβη

247 1262 339 1311 141,
385 1256 625 1317 αὖτάγητος
659 1263 749 1311 142,
788 1259 943 1316 βλέπω
974 1265 1011 1305 4.
1043 1265 1109 1313 75,
1150 1266 1373 1320 γαμοῦμαι
1404 1266 1469 1319 (118
1500 1268 1600 1318 viro)
1633 1267 1699 1313 86,
1738 1263 1864 1321 γονύ-

243 1333 399 1373 κροτος
432 1319 523 1368 144,
554 1316 700 1372 δεξιός
727 1321 791 1361 75.
824 1321 860 1369 6,
891 1318 1078 1363 διοσκέω
1108 1321 1146 1363 3.
1170 1322 1207 1371 3,
1237 1320 1412 1373 ὄίτοκος
1446 1324 1538 1370 145,
1568 1319 1772 1379 δωριάζω
1795 1325 1861 1374 59,

244 1373 544 1431 ἑθελόπορνος
576 1378 640 1418 21.
663 1379 699 1422 5,
730 1374 938 1433 ἐκκωφέω
970 1379 1035 1430 81,
1066 1373 1219 1436 ἑορτὴν
1248 1374 1367 1434 ἄγειν
1388 1382 1453 1427 54,
1484 1377 1741 1436 ἐπιὸίνομαι
1763 1382 1864 1432 121),

242 1430 352 1491 ἡβᾶν
386 1435 437 1476 18
470 1437 508 1476 81
529 1435 716 1489 συνηβᾶν
748 1435 813 1475 24.
835 1435 901 1484 44,
932 1430 1180 1492 ἧμετέρειος
1210 1438 1275 1486 71,
1304 1434 1493 1492 θωμίζω
1525 1440 1590 1479 21.
1613 1439 1650 1488 8,
1679 1434 1860 1496 θωρήσ-

243 1505 307 1533 σω
371 1511 428 1526 =
470 1487 800 1546 μεθύσκεσθαι)
849 1493 941 1540 147,
992 1489 1254 1549 ἳπποθόρος
1298 1495 1364 1544 35,
1412 1492 1686 1551 ἱπποπείρης
1727 1497 1792 1538 75.
1824 1498 1862 1546 6,

242 1545 385 1603 ἴτριον
417 1550 483 1602 17,
525 1545 724 1599 κάθοδος
752 1550 828 1603 (=
858 1550 1092 1603 descensus)
1130 1552 1197 1593 43.
1230 1553 1253 1593 6
1272 1552 1353 1605 ⁵⁵),
1394 1549 1504 1610 καλή
1544 1553 1619 1605 (=
1649 1551 1860 1609 ἐρωμένη)

246 1608 338 1657 119,
369 1603 671 1663 Καρικοεργής
702 1608 767 1656 91,
797 1602 926 1657 κάσις
957 1609 1008 1649 12
1023 1620 1056 1659 8,
1094 1605 1302 1663 κίβδηλος
1333 1611 1398 1652 21.
1430 1611 1465 1658 6,
1507 1607 1631 1667 κνιζή
1660 1611 1726 1659 87,
1755 1607 1860 1652 κόκ-

241 1663 322 1717 κυξ
354 1665 420 1713 29,
451 1661 591 1720 κορέω
620 1666 688 1718 (de
720 1663 893 1719 homine)
916 1666 952 1714 5,
983 1661 1174 1718 κορωνός
1207 1667 1298 1716 151,
1343 1662 1465 1723 Κύκη
1496 1669 1561 1710 21.
1586 1669 1649 1717 11,
1681 1664 1859 1720 λαλάζω
1895 1672 1900 1678 ’

245 1723 310 1771 90,
341 1718 478 1774 λιάζω
507 1723 553 1763 fr.
573 1735 670 1770 now,
702 1718 989 1779 Λυὸοπαθής
1012 1724 1104 1772 155,
1135 1722 1286 1774 λῶπος
1317 1725 1370 1766 80
1383 1727 1420 1776 b,
1449 1721 1614 1778 μοκλός
1642 1725 1710 1778 (de
1729 1726 1859 1778 obice)

245 1780 311 1827 88,
355 1776 603 1836 μυροποιός
648 1780 714 1829 30,
760 1776 956 1836 πέπειρα
1007 1780 1082 1835 (=
1123 1782 1275 1837 γραῖα)
1319 1782 1385 1829 87,
1436 1779 1730 1838 περιφόρητος
1771 1784 1862 1832 218,

244 1834 436 1892 πέτομαι
482 1837 547 1891 (118
592 1837 765 1890 amante)
807 1838 854 1886 9,
902 1834 1019 1879 πίνω
1061 1837 1127 1890 (de
1177 1839 1360 1892 amando)
1404 1841 1480 1892 57,
1531 1836 1672 1896 ἔρωτα
1716 1836 1864 1882 πίνειν

248 1895 339 1946 163,
372 1898 410 1936 81
438 1891 646 1950 προπίνω
679 1896 743 1946 66,
773 1889 980 1936 ὗποπίνω
1012 1895 1078 1937 63.
1113 1897 1186 1945 11;
1218 1893 1464 1953 πολυκρότῃ
1498 1899 1564 1947 90,
1607 1894 1861 1950 πυκταλίζω

245 1953 310 1995 62.
341 1953 378 2001 4,
409 1949 570 2006 πώγων
602 1954 668 1994 21.
700 1953 737 2001 9,
767 1949 964 2004 σαλαίζω
998 1953 1090 1999 167,
1121 1950 1354 2008 σκιαδίσκη
1385 1955 1450 1995 21.
1475 1956 1538 2004 11,
1569 1951 1861 2010 στεφανίσκος

244 2010 308 2060 54,
340 2023 403 2066 σφ
431 2011 494 2050 κῶ
525 2011 591 2051 21.
625 2011 660 2058 1,
691 2006 935 2061 τανταλίζω
957 2010 1023 2059 78,
1052 2007 1188 2052 τίλλω
1221 2011 1272 2052 13
1287 2013 1323 2060 b,
1353 2009 1460 2066 τρύξ
1491 2013 1566 2065 (=
1595 2010 1691 2062 νέος
1719 2005 1857 2066 οἶνος)

244 2068 309 2116 41,
340 2081 403 2123 φα
434 2063 569 2121 ακρός
599 2068 665 2112 68,
692 2063 911 2123 χαριτόεις
942 2068 1007 2117 44,
1034 2064 1185 2119 χάσκω
1219 2070 1282 2117 14,
1304 2070 1342 2112 8.
1373 2071 1458 2110 Η88
1488 2073 1618 2111 81118111
1648 2070 1861 2112 locutiones

243 2137 290 2165 ex
320 2126 511 2166 cotidiano
552 2137 729 2166 sermone
769 2128 947 2177 sumptae
988 2128 1157 2167 maxime
1197 2128 1446 2168 inveniuntur
1488 2129 1529 2168 in
1569 2140 1613 2168 co
1642 2128 1861 2180 fragmento

242 2184 415 2223 omnium
460 2183 726 2235 amplissimo,
771 2195 848 2235 quo
889 2184 1077 2223 Artemon
1122 2185 1374 2224 acerbissimo
1415 2185 1584 2225 ludibrio
1630 2188 1792 2226 vexatur
1834 2197 1859 2226 a

242 2242 365 2291 poeta,
396 2242 462 2293 qui
505 2241 577 2281 hac
616 2239 827 2280 cavillandi
868 2241 1079 2292 cupiditate
1121 2243 1158 2281 et
1197 2241 1399 2282 alacritate
1437 2242 1665 2282 Archilochi
1695 2243 1863 2295 vestigia

242 2309 328 2338 sese
358 2310 534 2349 premere
565 2299 660 2338 satis
689 2298 846 2339 indicat.
886 2298 1019 2338 'Potius
1049 2299 1231 2338 carminis
1252 2300 1420 2339 sermoni
1443 2299 1597 2350 vulgari
1626 2300 1862 2351 respondent

243 2356 360 2394 etiam
389 2367 590 2406 personae,
633 2356 868 2407 quibuscum
899 2356 1178 2395 consuetudine
1208 2358 1391 2396 Artemon
1423 2356 1488 2396 ille
1518 2357 1747 2397 coniunctus
1777 2368 1864 2398 esse

243 2412 396 2461 dicitur,
428 2413 616 2458 homines,
646 2414 713 2465 qui
745 2424 884 2464 corpus
915 2425 1028 2452 suum
1049 2414 1300 2464 prostituunt,
1331 2425 1567 2466 quamquam
1588 2413 1699 2454 nulla
1727 2425 1865 2454 neces-

245 2470 360 2510 sitate
390 2471 511 2510 coacti
541 2472 642 2518 sunt,
673 2473 711 2510 et
738 2469 916 2517 feminae,
946 2481 1047 2522 quae
1077 2482 1220 2522 panem
1253 2471 1431 2511 venalem
1462 2471 1616 2511 habent.
1649 2470 1721 2511 Rei
1743 2472 1865 2523 igitur

243 2538 342 2578 quae
383 2528 439 2567 ibi
478 2528 608 2579 agitur
637 2527 788 2567 indoles
828 2528 1001 2578 proxime
1042 2529 1192 2568 88881111
1221 2530 1270 2568 811
1300 2529 1440 2568 veteris
1471 2529 1691 2568 comoediae
1723 2529 1864 2569 atticae

243 2583 432 2632 habitum,
463 2586 575 2625 cuius
605 2586 646 2624 in
676 2595 858 2625 scaenam
890 2586 1047 2625 eaedem
1069 2597 1223 2637 quoque
1253 2586 1422 2625 feminae
1452 2586 1674 2637 procedunt.
1704 2585 1866 2626 Praeter

241 2640 288 2682 fr.
320 2642 370 2681 21
403 2640 461 2693 (81
492 2641 598 2691 218)
638 2642 735 2682 11888
775 2653 929 2694 quoque
969 2643 1189 2692 fragmenta
1227 2654 1272 2682 ex
1312 2642 1461 2682 ludicro
1504 2644 1676 2683 carmine
1705 2645 1862 2694 sumpta

243 2700 350 2738 sunt:
383 2698 487 2751 9(?).
523 2699 623 2740 13b.
655 2699 721 2740 29.
753 2698 819 2740 30.
851 2699 916 2739 52.
949 2699 1013 2739 60.
1047 2699 1112 2739 68.
1142 2700 1195 2739 72
1209 2701 1245 2740 b.
1277 2699 1330 2740 73
1344 2700 1414 2752 (Ῥ).
1447 2700 1513 2742 78.
1544 2698 1676 2753 79(“.>).
1707 2698 1862 2753 84⁶⁶).

341 2903 398 2942 55)
424 2902 520 2942 Quod
544 2913 618 2934 cum
642 2904 703 2935 1188
728 2905 762 2935 vi
786 2905 911 2936 recenti
935 2904 1066 2936 demum
1090 2908 1237 2944 tempore
1261 2904 1357 2943 redit,
1388 2904 1466 2935 item
1491 2900 1691 2946 μνῆσκομαι
1714 2905 1771 2937 94.

336 2946 394 2988 56)
420 2948 492 2980 Hoc
517 2949 551 2979 in
575 2949 760 2989 fragmento
785 2950 924 2982 duorum
945 2951 1080 2982 deorum
1098 2950 1239 2981 fortasse
1257 2950 1379 2981 Bacchi
1396 2954 1429 2981 et
1445 2950 1575 2981 comitis
1590 2950 1661 2982 eius
1684 2950 1862 2981 adveutum

244 2994 386 3025 describi
421 3004 486 3026 non
520 2999 606 3026 recte
638 2996 779 3027 coniecit
814 2996 952 3028 Crusius
986 2997 1008 3028 l.
1035 3006 1062 3028 8.
1099 3006 1131 3036 p.
1157 2998 1259 3028 2043.
1309 2996 1528 3027 Anacreontis
1562 2996 1693 3035 quidem
1730 3005 1862 3028 carmen
