2144 3412
942 231 1229 276 ,35-

407 365 485 406 141
516 365 591 417 (=
624 365 704 407 107
734 364 812 419 Β.).

397 441 513 493 Apud
554 440 768 481 Homerum
814 441 970 492 quidem
1013 440 1104 492 plus
1148 453 1264 493 quam
1309 441 1431 481 semel
1473 436 1670 495 πόλεμος
1713 436 1895 497 δυσηχὴς

284 515 514 563 nominatur,
543 515 613 556 aed
642 516 744 567 quod
764 514 837 555 hoc
857 515 897 556 in
919 515 1198 567 epigrammate
1219 515 1373 567 legitur,
1404 528 1480 556 non
1511 518 1579 563 est,
1609 528 1679 556 eur
1697 515 1893 557 lemmatis

284 589 402 630 iidem
450 590 492 629 in
541 590 703 630 dubium
753 601 948 631 vocemus.
1023 588 1141 630 Poeta
1189 591 1312 636 enim,
1362 602 1452 630 cum
1503 591 1648 632 diceret
1696 585 1894 644 πόλεμον

287 658 549 719 δακρυόεντα
570 663 654 716 (94,
676 662 719 716 2)
736 659 790 716 ⁴),
821 676 897 704 non
926 665 1057 704 minus
1086 667 1169 705 arte
1190 665 1405 706 Homerum
1434 667 1592 706 secutus
1623 667 1682 706 est
1701 665 1767 716 (cf.
1789 665 1897 706 velut

291 736 331 779 Θ
361 737 474 790 388).

403 811 483 852 143
515 812 589 863 (=
623 813 701 853 111
733 811 810 863 Β.).

401 886 501 927 Ordo
531 887 802 939 alphabeticus
832 887 989 939 quidem
1023 887 1088 927 hic
1119 888 1330 936 deseritur;
1360 889 1534 929 attamen
1563 890 1797 930 Anacreonti
1827 889 1895 930 ab·

287 962 541 1002 iudicandum
585 973 660 1002 non
705 963 776 1003 est.
846 960 1099 1013 Epigramma
1138 964 1449 1013 praetereuntem
1494 962 1723 1016 alloquitur,
1767 975 1792 1003 a
1820 975 1895 1016 quo

286 1037 394 1088 petit,
423 1038 466 1076 ut
495 1037 676 1088 precibus
696 1035 934 1076 Mercurium
954 1047 1095 1076 vocans
1115 1035 1327 1076 'I'imonacti
1359 1037 1478 1077 deum
1510 1038 1720 1089 propitium
1742 1037 1895 1085 efficiat.

286 1103 335 1159 ὅς
364 1103 420 1164 μ’
452 1102 650 1165 ἑρατοῖσ’
681 1102 862 1164 ἀγλαΐην
891 1104 1138 1163 προθύροις
1169 1103 1298 1166 Ἑρμᾷ
1334 1123 1380 1151 τε
1409 1106 1596 1165 κρείοντι
1626 1108 1893 1154 καθέσσατο.

285 1184 460 1225 Eandem
504 1185 693 1225 habemus
731 1183 939 1224 formulam
978 1186 1092 1237 atque
1121 1185 1162 1224 in
1208 1184 1287 1225 142
1318 1179 1397 1240 σήν
1427 1198 1474 1226 τε
1510 1180 1649 1241 χάριν,
1694 1182 1894 1238 Διόνυσε,

286 1255 359 1299 καὶ
390 1252 549 1312 ἀγλαὸν
577 1253 701 1299 ἄστει
731 1252 909 1311 κόσμον.
968 1257 1103 1299 Statua
1132 1260 1255 1312 igitur
1295 1261 1364 1308 est,
1403 1271 1502 1312 quae
1540 1262 1582 1301 in
1611 1263 1807 1314 gymnasii
1836 1263 1896 1303 in·

284 1334 402 1374 troitu
433 1335 516 1374 erat
543 1333 670 1384 posita
698 1332 892 1373 Mercurio
923 1331 1103 1373 ludorum
1133 1335 1403 1386 gymnicorum
1435 1334 1588 1376 fautori.
1637 1332 1895 1377 καθέσσατο

286 1426 343 1441 =
372 1401 580 1462 ἱδρύσατο
611 1406 678 1460 (cf.
699 1402 980 1447 καθέσσαντο
1009 1406 1123 1450 Pind.
1143 1407 1187 1450 P.
1216 1408 1252 1448 V
1273 1406 1360 1461 42).
1390 1404 1545 1464 κρείων
1571 1409 1792 1452 Mercurius
1822 1411 1896 1452 hoc

283 1484 433 1523 tantum
463 1482 546 1523 loco
576 1483 817 1530 nominatim
858 1482 906 1522 de
946 1482 1031 1522 deis
1074 1483 1178 1534 apud
1216 1482 1429 1524 Homerum
1459 1496 1614 1538 quoque
1650 1486 1692 1526 in
1720 1498 1796 1526 usu
1827 1489 1896 1534 est,

289 1556 398 1598 velut
427 1557 475 1598 de
515 1556 697 1610 Neptuno
739 1558 777 1597 et
805 1556 909 1597 Iove.
965 1555 1201 1598 'l'imonactis
1244 1569 1384 1598 nomen
1424 1560 1526 1600 redit
1563 1560 1606 1600 in
1644 1560 1756 1601 titulo
1785 1560 1897 1602 Teio:

287 1631 335 1672 cf.
366 1632 408 1673 G.
438 1631 468 1672 1.
500 1631 545 1673 G.
575 1632 617 1673 Π
647 1631 772 1674 3099.

402 1706 483 1746 144
514 1706 587 1757 (--
616 1706 710 1747 Sim.
744 1706 825 1747 150
857 1706 931 1758 Β.).

400 1779 502 1821 Ordo
547 1780 821 1833 alphabeticus
862 1783 976 1822 antea
1020 1772 1258 1833 interruptus
1302 1782 1500 1834 recipitur,
1543 1783 1613 1824 sed
1654 1783 1897 1836 epigramma

284 1856 538 1897 Anacreontis
570 1867 655 1897 ease
684 1868 760 1897 non
790 1858 937 1909 potest;
968 1856 1042 1898 hoc
1070 1858 1177 1909 patet
1197 1868 1218 1897 e
1239 1857 1384 1897 codicis
1404 1855 1578 1898 Palatini
1606 1859 1806 1901 memoria.
1848 1859 1896 1900 In

376 2003 411 2048 4)
435 2004 572 2036 Poetam
596 2014 663 2036 non
686 2005 721 2036 in
744 2005 807 2036 hae
830 2008 957 2037 tantum
982 2005 1161 2045 locutione,
1185 2005 1242 2039 aed
1266 2014 1326 2046 per
1349 2008 1454 2037 totum
1478 2015 1610 2046 quoque
1633 2007 1732 2040 huius
1755 2008 1894 2048 elegiaci

290 2062 446 2094 carminis
470 2062 690 2102 fragmentum
714 2062 757 2094 ab
782 2063 876 2103 epieo
893 2071 1044 2094 sermone
1067 2062 1210 2103 pendere
1234 2062 1403 2105 videmueg
1426 2066 1536 2095 tamen
1560 2073 1627 2096 non
1650 2064 1722 2096 aine
1745 2065 1898 2098 libertate

285 2119 426 2160 quadam
460 2120 530 2151 eine
563 2120 749 2161 exemplum
786 2120 933 2152 imitatur
967 2120 1097 2164 (eadem
1132 2129 1185 2152 rea
1219 2124 1269 2151 eat
1301 2120 1399 2152 etiam
1432 2121 1466 2151 in
1491 2121 1561 2152 eiua
1592 2121 1831 2162 epigrammate
1853 2124 1896 2157 Δ.

286 2178 327 2211 Ρ.
353 2177 417 2209 v11
442 2178 530 2210 226:
556 2178 596 2209 de
622 2187 687 2218 quo
711 2188 746 2210 v.
771 2176 883 2219 infra),
908 2187 981 2209 eum
1005 2177 1087 2224 haec
1111 2177 1211 2209 dicit:
1246 2171 1286 2210 οὐ
1309 2175 1428 2221 φιλέω,
1454 2171 1495 2216 ὃς
1518 2177 1667 2221 κρητῆρι
1688 2176 1780 2221 παρὰ
1804 2178 1897 2224 πλέῳ

284 2230 506 2275 οἰνοποτάζων
537 2232 650 2268 νείκεα
683 2232 742 2268 καὶ
773 2231 919 2278 πόλεμον
951 2232 1161 2277 δακρυόεντα
1197 2232 1299 2276 λέγει.
1350 2229 1423 2269 ἀλλ’
1447 2229 1543 2274 ὅστις
1576 2233 1743 2271 Μουσέων
1775 2247 1814 2270 τε
1838 2237 1897 2271 καὶ

284 2286 397 2335 ἀγλαοὶ
432 2287 516 2334 δῶρ’
547 2287 755 2335 ’Δφροδίτης
779 2289 981 2335 συμμίσγων
1013 2289 1139 2334 ἐρατῆς
1173 2287 1364 2335 μνήσκεται
1392 2287 1616 2336 εὐφροσύνης.
1652 2288 1765 2337 ἀγλαὰ
1801 2293 1898 2337 δῶρα

284 2349 393 2390 (velut
415 2351 446 2382 A
471 2348 552 2393 213)
574 2353 607 2381 et
630 2344 714 2390 δῶρ’
739 2345 843 2392 ἐραταὶ
869 2372 877 2380 .
895 2370 903 2379 .
923 2374 931 2382 .
955 2344 1163 2393 Ἀφροδίτης
1187 2347 1232 2393 (Γ
1257 2347 1314 2393 64)
1340 2350 1526 2389 nomen-un
1548 2350 1666 2382 deinde
1689 2355 1799 2393 poeta,
1822 2362 1896 2384 cum

285 2416 358 2438 aeae
382 2416 455 2439 eum
482 2416 595 2439 amare
618 2406 800 2448 profitetur,
825 2407 882 2447 qui
906 2407 1076 2438 Musarum
1111 2411 1142 2438 et
1176 2407 1316 2439 Veneris
1348 2407 1524 2447 splendida
1558 2407 1647 2439 dona
1679 2410 1896 2442 commiscens

285 2463 431 2496 laetitiae
453 2464 632 2505 indulgeat,
668 2464 710 2495 ad
745 2464 989 2505 oppositionem
1026 2473 1124 2503 quam
1158 2464 1282 2502 cogitat
1313 2464 1496 2504 aagendam
1529 2464 1669 2497 verbum
1695 2464 1898 2509 συμμίσγειν

288 2521 352 2552 huc
376 2522 579 2562 transposuit
600 2531 641 2554 ex
664 2522 831 2554 locutione
854 2522 1000 2553 Homero
1025 2521 1170 2553 nondum
1196 2525 1284 2562 nota,
1308 2521 1366 2553 sed
1386 2522 1428 2553 ad
1452 2523 1578 2563 epicum
1602 2532 1787 2555 sermonem
1810 2527 1898 2556 certe

291 2579 474 2618 referenda,
506 2588 591 2620 quae
626 2580 795 2612 invenitur
830 2580 863 2611 in
887 2580 1001 2614 {Attici
1035 2580 1155 2620 lepidis
1192 2580 1427 2620 epigrammate
1453 2579 1658 2623 (Hoffmann,
1693 2581 1768 2621 ayll.
1793 2581 1897 2621 epigr.

286 2645 392 2677 graec.
418 2635 519 2680 ⁴0⁷)²
543 2631 659 2672 ἐνθάδ’
682 2631 768 2681 οἷνήρ
794 2630 932 2681 ὄμοσε[ν
957 2633 1062 2681 κατ]ἀ
1087 2631 1210 2676 Ιιόρκια
1234 2634 1356 2675 παιδὸς
1380 2633 1540 2678 ἐρασθεὶς
1563 2635 1677 2671 νείκεα
1700 2636 1896 2681 συμμείξειν

284 2690 435 2736 πόλεμόν
459 2687 492 2727 3¹
517 2689 591 2736 ἅμα
614 2691 833 2736 δακρυόεντα.
882 2695 966 2725 Nam
992 2694 1195 2734 epigramma
1218 2695 1437 2726 Anacreonti·
1460 2693 1564 2726 verba
1586 2695 1750 2736 respicere
1773 2695 1895 2728 Kaibel

288 2761 354 2783 non
378 2755 466 2783 recte
499 2752 641 2783 coniecit
670 2749 728 2794 (es.
753 2752 796 2783 ad
819 2752 923 2793 epigr.
953 2754 1021 2793 19),
1057 2752 1134 2791 quia
1162 2761 1214 2783 rea
1246 2761 1331 2792 quae
1364 2752 1411 2783 ibi
1443 2752 1553 2793 agitur
1575 2762 1711 2794 prorsus
1744 2753 1811 2785 alia
1834 2758 1895 2786 eet.

285 2811 395 2847 νεῖκος
429 2806 587 2851 πολέμοιο
619 2809 786 2842 Homerus
823 2810 906 2841 dixit
930 2807 978 2853 (N
1004 2810 1083 2852 8⁷1,
1109 2818 1130 2842 σ
1156 2811 1234 2849 264,
1260 2819 1288 2843 ω
1313 2807 1395 2853 ⁶4⁸)
1433 2814 1465 2842 et
1489 2810 1654 2843 Pindarus
1689 2811 1729 2851 (Ι.
1755 2811 1802 2842 VI
1828 2813 1899 2856 ⁸⁶),

285 2869 341 2899 Ar.
368 2875 460 2907 vesp.
486 2867 554 2899 8⁸⁸
578 2865 697 2899 ehem·
720 2866 763 2899 de
786 2871 879 2908 patre
903 2876 977 2899 oum
1002 2867 1070 2898 filio
1096 2867 1294 2899 conciliato:
1329 2863 1452 2910 φήμην
1485 2864 1621 2911 α’γαῇἢν
1646 2866 1784 2912 λέξομεν
1809 2865 1898 2911 ὑμῖν,

282 2917 336 2958 ὅτι
359 2920 520 2967 γενναίως
543 2920 584 2957 ἐκ
607 2922 666 2957 τοῦ
690 2922 838 2967 πολέμου
862 2922 922 2957 καὶ
944 2923 1004 2957 τοῦ
1029 2922 1159 2961 νείκους
1184 2920 1384 2968 ξυνεβήτην.
1409 2941 1451 2949 -
1486 2924 1583 2965 Apud
1609 2927 1729 2958 Anaor.
1756 2926 1788 2957 in
1814 2936 1847 2958 v.
1876 2928 1889 2956 1

283 2979 452 3024 συστολήν
475 2981 593 3013 babeat
620 2976 660 3015 οὗ
683 2979 804 3023 φιλέω,
828 2977 880 3019 ὅς.

1559 3039 1620 3080 a·
