2144 3412
886 244 1170 288 -19-

227 377 367 418 vatam.
433 374 604 417 Dialeoti
649 377 923 429 pseudionioae
963 379 1031 418 aut
1073 377 1219 419 formae
1266 378 1417 420 ionicae
1460 379 1690 432 depravatae
1734 378 1831 420 haee

230 452 380 492 tantum
411 450 588 503 exempla
617 452 768 492 inveni:
811 452 1080 506 παταγοῦσιν
1112 453 1149 500 6,
1180 452 1206 493 4
1237 452 1385 503 (Eustz
1429 455 1546 494 attica
1575 456 1633 494 est
1670 453 1830 505 forma);

229 517 525 579 ἀνθεμεῦντας
556 525 620 574 62,
652 526 676 566 2
718 523 981 582 κατηρεφέες
1021 527 1099 567 121
1144 527 1341 579 (Athen.);
1382 524 1519 582 φιλέει
1563 527 1616 569 70
1656 528 1830 581 (Heph.)‚

228 595 393 648 δοκέεις
422 599 489 648 75,
511 599 536 640 2
566 598 719 651 (stou).
779 600 855 642 Sed
886 602 1038 642 dorioae
1068 613 1223 654 quoque
1252 602 1397 643 formae
1426 603 1530 654 apud
1548 604 1830 644 Anaoreontem

226 674 487 715 inveniuntur.
516 675 645 727 Atque
666 674 740 715 hae
760 676 937 728 quidem:
959 671 1103 727 ξανθά
1125 677 1198 725 (sio
1216 676 1335 717 schol.
1356 676 1504 729 Heph.:
1526 671 1668 733 ξανθή
1688 676 1830 729 Heph.)

228 748 262 796 1,
281 748 325 796 2:
349 742 510 802 αἶχμοῖν
530 748 675 801 (Heph.
697 761 786 790 oum
806 749 947 790 eohol.:
968 745 1126 806 αἰχμήν
1148 750 1269 791 schol.
1291 750 1474 803 Hermog.
1493 750 1606 792 Bhet.
1626 751 1706 792 VII
1728 749 1829 803 988)

229 821 302 870 31;
334 817 542 875 ἁδυμελές
558 823 722 875 (Heph.)
742 823 806 872 67,
826 819 1065 878 μεναίχμαν
1085 823 1249 878 (Hepb.)
1267 825 1332 873 70,
1352 820 1485 878 κούρα
1502 825 1666 878 (Heph.:
1696 826 1830 879 κοῦρα

229 897 323 938 ooni.
363 896 506 949 Bergk,
550 897 713 938 fortasse
756 900 881 946 reote;
925 898 972 939 of.
1011 898 1132 940 schol.
1173 898 1314 939 Townl.
1355 901 1394 939 Γ
1429 899 1528 946 130)
1573 900 1640 951 76,
1684 894 1830 955 δάφνᾳ

222 967 369 1027 χλωρᾷ
408 964 442 1010 τ’
474 966 599 1026 ἐλαίᾳ
629 971 768 1022 (eohol.
799 971 935 1024 Soph.)
968 971 1032 1012 78.
1091 971 1167 1012 Pro
1210 972 1273 1012 his
1303 973 1541 1025 corruptelis,
1582 985 1681 1026 quae
1711 974 1830 1014 libra·

223 1045 367 1085 riorum
413 1056 542 1086 errore
580 1046 621 1086 in
660 1046 859 1086 codicibus
901 1045 1095 1098 leguntur,
1136 1047 1308 1098 integras
1349 1046 1492 1088 formae
1521 1048 1723 1088 restituere
1753 1060 1828 1098 noxi

223 1120 499 1160 dubitabimus.
558 1119 691 1172 Bergk
711 1120 868 1172 quidem
899 1121 941 1160 in
961 1122 1097 1173 quarta
1117 1121 1295 1169 editione,
1327 1132 1566 1173 quamquam
1586 1121 1665 1161 iam
1682 1122 1828 1162 dudum

224 1193 376 1235 Ahrene
417 1193 486 1244 (kl.
516 1193 623 1234 Sohr.
652 1194 673 1234 I
706 1194 805 1245 166)
846 1193 943 1235 haoo
981 1195 1159 1246 prodigia
1198 1197 1430 1236 removenda
1469 1208 1554 1236 esse
1596 1196 1830 1237 confidenter

224 1268 472 1315 iudicaverat,
503 1278 549 1308 ea
578 1269 744 1308 retinere
773 1270 920 1309 veritus
949 1281 1025 1309 non
1057 1271 1125 1310 eat
1175 1269 1332 1310 Erravit
1360 1273 1489 1311 autem
1520 1270 1675 1312 Ahrens
1706 1270 1743 1320 (1.
1767 1277 1829 1320 o.),

222 1353 312 1382 oum
341 1342 573 1383 Anacreonti
614 1341 785 1384 aeolicae
826 1342 982 1384 dialecti
1022 1355 1139 1384 usum
1178 1344 1429 1385 tribuendum
1468 1357 1554 1386 esse
1585 1345 1736 1386 censuit
1765 1346 1828 1395 (de

225 1417 299 1457 dat.
328 1418 369 1457 in
399 1427 517 1458 -αισι
560 1418 598 1458 et
626 1412 688 1473 φή
714 1423 750 1459 v'.
780 1429 919 1471 supra3
957 1419 1005 1459 do
1043 1414 1372 1474 χρυσοφαέννων
1411 1420 1464 1460 25
1494 1432 1531 1462 v.
1562 1420 1664 1461 infra
1702 1432 1732 1460 s.
1762 1420 1828 1472 ι).
