2144 3412
907 241 1190 284 -33-

247 369 388 417 εἴκοσι
418 369 573 431 νηυσίν,
605 368 699 428 ἅμα
728 368 929 429 ἀγόμενοι
954 367 1195 430 Ἐρετριέων
1226 370 1355 415 πέντε
1384 370 1593 431 τριήρεας,
1624 369 1676 416 αἳ
1702 368 1752 416 οὐ
1780 371 1857 431 τὴν

242 443 495 506 Ἀθηναίων
520 443 647 504 χάριν
677 443 998 503 ἐστρατεύοντο,
1030 441 1142 489 ἀλλὰ
1172 444 1247 504 τὴν
1276 441 1418 489 αὐτῶν
1450 444 1693 504 Μιλησίων,
1733 443 1858 504 ὀφει-

250 519 412 579 λόμενά
449 536 528 580 σφι
570 517 870 573 ἀποδιδόντες.
930 524 1091 576 Antiqui
1131 518 1195 572 εἷς
1234 524 1529 576 praepositionis
1572 523 1730 577 ellipsin
1771 536 1856 565 esse

244 611 473 651 persuasum
513 598 659 640 habent
696 598 760 649 (cf.
801 597 928 651 Apoll.
968 597 1086 650 Dysc.
1127 597 1152 637 l.
1193 596 1264 650 c.);
1304 599 1363 639 sic
1403 599 1724 640 circumscribere
1763 598 1858 640 licet

246 674 522 721 accusativum,
561 685 652 713 nam
682 672 800 714 finem
832 674 997 721 denotat,
1036 673 1086 712 ad
1126 684 1241 725 quem
1280 673 1492 725 petendum
1521 674 1621 714 actio
1653 673 1856 727 derigitur.

247 748 559 807 ‘Echecratidam
587 747 813 788 Thessaliae
835 748 924 795 dux,
954 747 1038 795 tibi,
1068 746 1237 798 Bacche,
1267 748 1459 799 propitius
1488 749 1532 788 ut
1553 748 1589 788 ei
1609 749 1677 797 sis,
1710 749 1749 789 et
1766 749 1856 789 urbi

244 822 495 875 splendidum
526 823 646 862 decus
676 822 750 862 hoc
781 813 953 862 dedicat.³
1015 820 1210 862 Pisistrati
1242 822 1404 874 eiusque
1433 821 1603 863 filiorum
1635 824 1673 863 et
1689 822 1856 863 Thessa-

242 896 368 938 lorum
399 897 542 938 ducum
572 897 751 937 intimam
781 895 906 936 fuisse
936 896 1160 936 societatem
1191 896 1229 935 et
1257 895 1474 936 amicitiam
1504 897 1754 937 notissimum
1786 898 1854 938 est.

243 971 298 1012 Gt.
329 983 482 1024 quoque
512 970 631 1011 Thuc.
662 970 682 1011 I
715 970 808 1019 111,
839 970 908 1011 ubi
938 968 1094 1010 Orestes
1135 972 1459 1010 commemoratur
1487 970 1700 1012 Thessalus
1742 972 1854 1012 domo

243 1045 440 1097 expulsus,
471 1057 587 1098 quem
618 1045 793 1085 eiusdem
823 1043 1104 1084 Echecratidae
1134 1043 1263 1084 filium
1290 1055 1376 1084 esse
1409 1044 1606 1096 Bergkius
1634 1047 1716 1086 iam
1745 1047 1853 1094 vidit,

244 1132 361 1172 quem
400 1120 582 1172 precibus
623 1119 707 1159 eius
744 1118 925 1158 commoti
958 1117 1219 1158 Athenienses
1248 1118 1288 1158 vi
1318 1120 1357 1159 et
1396 1120 1517 1160 armis
1551 1120 1738 1162 reducere
1773 1122 1854 1161 stu-

241 1195 344 1236 dent.
393 1194 475 1235 Hoc
517 1194 640 1246 igitur
677 1204 771 1233 num
802 1193 946 1233 donum
992 1194 1062 1240 est,
1104 1193 1207 1244 quod
1249 1192 1528 1234 Echecratidas
1576 1194 1742 1236 Athenis
1787 1196 1853 1236 de-

246 1270 389 1310 dicavit
406 1267 563 1310 Baccho
593 1279 691 1308 novo
710 1266 1010 1308 Atheniensium
1045 1267 1127 1315 deo,
1158 1268 1270 1308 cuius
1300 1266 1465 1309 honores
1493 1280 1517 1309 a
1546 1271 1722 1321 tyrannis
1750 1271 1856 1311 aucti

242 1346 344 1391 sunt,
374 1343 478 1396 quod
508 1343 592 1384 eius
622 1342 688 1395 qui
719 1342 960 1382 consecravit
988 1342 1099 1382 iussu
1130 1342 1332 1382 Anacreon
1367 1344 1647 1395 epigrammate
1676 1344 1854 1385 ornavit?

240 1418 406 1458 Etiamsi
436 1418 510 1458 hoc
541 1417 699 1470 quidem
728 1410 804 1457 non
824 1417 927 1457 recte
958 1417 1205 1465 coniecerim,
1235 1418 1367 1458 tamen
1393 1418 1435 1459 id
1456 1419 1674 1460 certissime
1704 1421 1854 1460 constat

237 1493 359 1545 (quod
401 1492 517 1533 etiam
558 1491 755 1532 Meinekio
798 1491 961 1532 dubium
1002 1502 1088 1532 esse
1128 1502 1204 1531 non
1245 1492 1374 1532 visum
1404 1493 1493 1545 est),
1534 1494 1742 1547 utrumque
1771 1495 1852 1546 epi-

240 1578 428 1620 gramma,
458 1578 545 1608 cum
575 1568 729 1618 tempus
759 1578 912 1619 quoque
941 1566 1044 1618 quod
1084 1566 1246 1618 respicit
1282 1568 1363 1607 tam
1392 1567 1491 1608 bene
1521 1570 1719 1620 congruat,
1748 1569 1852 1609 Ana-

243 1642 389 1683 creonti
420 1653 505 1682 esse
534 1641 796 1682 tribuendum.
854 1640 1061 1681 Praeterea
1090 1640 1164 1681 hoc
1194 1652 1347 1694 quoque
1375 1640 1600 1683 Meinekius
1627 1644 1733 1684 recte
1762 1655 1851 1684 con-

241 1716 357 1757 clusit
394 1727 580 1768 apparere
621 1727 667 1756 ex
707 1716 858 1756 duobus
898 1715 963 1755 his
1003 1716 1307 1767 epigrammatis,
1345 1718 1498 1768 poetam
1538 1718 1642 1758 certo
1683 1718 1849 1770 quodam

236 1791 340 1832 vitae
370 1792 541 1843 tempore
570 1789 753 1830 Larissae
782 1790 887 1842 apud
915 1789 1111 1830 Aleuadas
1140 1789 1261 1831 fuisse
1277 1788 1330 1842 ⁸).

350 1864 430 1906 137
462 1863 535 1918 (=
569 1864 648 1905 110
678 1864 753 1916 Β.).

350 1939 564 1981 Homerum
584 1940 759 1979 imitatus
778 1941 892 1991 poeta
911 1938 1135 1991 Apollinem
1150 1933 1440 1996 Ἀργυρότοξε
1459 1940 1670 1994 alloquitur
1688 1941 1740 1993 (A
1763 1941 1849 1994 3¹7).

240 2008 453 2070 πρόφρων
494 2014 590 2054 deus
630 2014 852 2054 nominatur
890 2013 1114 2055 hominibus
1154 2015 1355 2066 propitius,
1393 2017 1437 2056 ut
1466 2029 1490 2055 ν
1520 2014 1602 2057 359
1633 2015 1771 2057 Ulixes
1801 2018 1848 2058 de

238 2089 414 2130 Minerva
444 2090 547 2130 dicit.
590 2081 751 2143 εὐχωλῆ
780 2088 854 2129 hoc
884 2088 968 2130 loco
999 2101 1075 2129 non
1096 2092 1227 2129 votum
1259 2091 1327 2138 est,
1357 2090 1426 2130 sed
1457 2101 1539 2131 rem
1568 2092 1655 2131 voto
1684 2092 1849 2144 promis-

234 2174 320 2204 sam
349 2163 561 2216 significat,
591 2164 734 2204 donum
764 2163 886 2216 igitur
914 2162 1086 2215 Apollini
1119 2175 1143 2204 a
1172 2162 1370 2205 Naucrate
1398 2165 1578 2216 positum.
1607 2166 1849 2207 Anacreonte

234 2237 341 2279 haud
370 2238 589 2291 indignum.

359 2312 440 2354 138
471 2312 546 2364 (ιε
576 2313 618 2355 G.
647 2313 678 2353 1.
708 2313 756 2355 A.
787 2313 807 2353 Ι
829 2311 923 2362 381,
952 2312 1092 2354 Kaibel
1124 2312 1219 2360 758,
1252 2313 1332 2354 104
1361 2313 1438 2366 Β.).

426 2383 543 2443 Πρὶν
571 2384 652 2441 μὲν
683 2383 953 2442 Καλλιτέλης
983 2382 1211 2443 ἱδρύσατο·
1244 2382 1382 2439 [τόνδε
1413 2385 1461 2428 δ’
1492 2382 1655 2429 ἐκείνου

485 2455 703 2516 ἐ’]γ[γ]ονοι
736 2454 1004 2518 ἐστήσαν[θ’,
1036 2453 1105 2510 οἷς
1132 2456 1260 2518 χάριν
1289 2456 1539 2514 ἀντιδίὸου].

238 2536 439 2589 Lapidem,
469 2547 515 2577 ex
545 2548 619 2588 quo
650 2535 724 2577 hoc
766 2537 1008 2589 epigramma
1039 2537 1276 2588 descriptum
1307 2539 1399 2585 erat,
1443 2538 1484 2578 in
1524 2537 1652 2579 lucem
1682 2539 1846 2579 rediIsse

234 2612 384 2664 primus
424 2611 522 2651 vidit
551 2610 759 2652 Kirchhoff
784 2611 846 2661 (cf.
877 2611 1111 2653 Monatsber.
1143 2612 1177 2652 d.
1208 2623 1355 2664 preuss.
1385 2611 1509 2652 Akad.
1541 2613 1576 2653 d.
1607 2612 1844 2654 Wissensch.

237 2685 358 2734 1871,
387 2697 423 2738 p.
456 2684 570 2738 398).
628 2685 700 2727 Est
730 2686 895 2727 Hermes
926 2687 1053 2739 capite
1087 2689 1249 2727 truncus
1278 2686 1429 2738 (comae
1459 2688 1610 2728 tantum
1638 2687 1844 2740 paululum

324 2874 359 2919 8)
381 2874 616 2907 Echecratidae
640 2876 751 2908 uxoria
775 2876 873 2908 etiam
891 2875 1091 2908 Simonidem
1115 2876 1146 2907 in
1172 2876 1318 2908 carmine
1334 2876 1475 2916 quodam
1500 2876 1699 2910 mentionem
1726 2878 1842 2911 secisse

229 2932 309 2965 dicit
331 2932 436 2965 schol.
460 2932 596 2964 Thooer.
624 2934 678 2974 18,
702 2935 744 2965 84
770 2929 787 2967 o‘
812 2928 984 2976 ’Δντίοχος
1007 2929 1252 2977 ’Ἐχεκρατίδου
1277 2932 1335 2966 καὶ
1360 2930 1550 2977 Δυσήριδος
1572 2932 1754 2978 (Σύριδοςε
1778 2946 1841 2968 em.

229 2988 396 3034 Valesius)
420 2987 494 3029 υἱὸς
516 2981 573 3034 ἦν,
596 2983 647 3028 ὥς
670 2999 757 3033 φησι
781 2988 994 3033 Σιμωνίδης-

1540 3050 1567 3090 8
