2144 3412
912 251 1209 295 :49—

266 394 295 423 σ
326 382 429 423 201:
459 374 484 437 ἦ
513 393 568 433 με
596 372 696 433 μάλ’
730 374 956 433 αἰνοπαθῆ
994 374 1194 431 μαλακὸν
1233 373 1338 430 περὶ
1381 373 1511 429 κῶμα
1550 369 1758 427 κάλυψεν.
1819 373 1877 415 Gt.

267 442 406 480 Anacr.
436 438 483 480 fr.
513 436 566 478 36
597 431 853 477 αἶνοπαθέα
882 428 1064 488 πατρίδ’
1097 429 1345 487 ἐπόψομαι.

382 490 547 550 αἰχμή]
596 494 640 534 fr.
681 493 735 534 31
778 486 1074 544 δακρυόεσσάν
1114 484 1156 531 τ’
1201 487 1405 546 ἐφίλησεν
1444 484 1615 544 αἰχμήν.
1674 487 1877 528 Hermann

267 552 396 606 (elem.
425 553 542 593 doctr.
571 555 681 592 metr.
713 550 814 602 423)
854 550 1030 602 componi
1071 549 1191 589 verba
1231 548 1316 589 vult
1356 560 1446 588 cum
1485 546 1550 587 his
1578 544 1738 592 Lucilii,
1777 555 1878 597 quae

268 612 419 651 exstant
453 610 557 661 apud
586 608 727 660 Porph.
757 609 806 648 ad
837 607 928 648 Hor.
970 609 1041 648 sat.
1071 606 1091 646 I
1123 606 1159 652 2,
1181 605 1256 646 68:
1296 618 1326 646 a
1356 604 1437 646 levi
1465 603 1681 646 lacrumas
1709 603 1879 643 mutone

269 666 476 720 absteryet
505 666 646 707 amica
675 666 749 712 (sic
782 665 1017 713 Hermann),
1055 664 1111 704 ita
1149 666 1193 703 ut
1233 663 1422 704 obscoene
1462 662 1567 701 dicta
1607 661 1695 701 siut.
1756 659 1879 700 Cuius

270 724 500 765 sententiam
529 735 606 763 non
635 734 786 775 sequor.
836 721 924 762 Alio
955 723 1058 762 enim
1088 720 1172 760 loco
1193 719 1257 770 (fr.
1278 720 1351 771 70)
1371 721 1486 771 poeta
1505 719 1601 758 dicit
1629 709 1880 771 ὀρσόλοπος

266 778 348 834 μὲν
376 775 519 849 ’Ἀρης
558 777 679 834 φιλεῖ
708 774 944 833 μεναίχμην
973 775 1072 831 (μὲν
1108 772 1270 830 αἰχμάν
1298 776 1411 816 libri:
1452 771 1693 828 μεναίχμαν
1726 770 1879 826 Bergk)

269 838 307 878 h.
338 850 369 878 e.
399 850 589 891 μενοντα
618 833 664 877 ἐν
693 834 745 891 τῇ
774 831 920 892 αἰχμῇ,
957 837 998 875 in
1027 834 1174 887 proelio
1205 835 1530 886 perseverantem,
1571 834 1810 872 constantem
1826 830 1880 881 ⁷).

271 895 460 936 Similiter
490 895 586 935 dicit
615 893 807 934 Pindarus
835 893 878 933 P.
908 892 1007 933 VIII
1028 892 1083 932 40
1114 888 1418 944 παρμένοντας
1448 884 1597 945 αἰχμᾷ,
1627 889 1694 928 ubi
1726 888 1881 928 dativus

268 951 433 993 localem
455 953 535 992 vim
566 951 694 992 habet.
752 951 793 991 Is
813 951 945 1002 igitur,
975 950 1042 1001 qui
1061 949 1108 990 fr.
1131 948 1196 995 94,
1218 948 1242 987 2
1274 948 1370 988 dicit
1389 941 1585 999 πόλεμον
1605 939 1879 999 δακρυόεντα,

275 1021 400 1050 nonne
421 1010 478 1049 sic
494 1020 647 1061 quoque
666 1007 901 1048 locutionem
921 1007 1129 1046 immutare
1148 1006 1274 1057 potuit
1293 998 1590 1055 δακρυόεσσαν
1612 1033 1622 1042 .
1641 1033 1649 1043 .
1668 1033 1678 1043 .
1694 996 1882 1056 αἱχμήνῖ

270 1067 590 1107 vetustissimum
621 1065 693 1105 hoc
734 1066 792 1104 est
836 1062 1056 1114 exemplum
1094 1061 1306 1102 translatae
1346 1058 1674 1101 iuius·voeabuli
1705 1059 1882 1105 notionis,

269 1124 372 1176 quod
402 1124 506 1175 apud
535 1122 748 1163 Homerum
778 1121 826 1161 de
856 1121 1017 1171 cuspide
1047 1119 1182 1159 hastae
1223 1120 1291 1158 aut
1332 1119 1380 1158 de
1410 1118 1524 1158 hasta
1553 1119 1705 1157 tantum
1734 1117 1775 1155 in
1805 1126 1882 1155 usu

271 1184 340 1227 est,
370 1183 540 1221 attamen
571 1191 646 1219 non
665 1178 847 1219 formavit
874 1178 986 1229 poeta
1006 1176 1109 1217 hanc
1128 1176 1373 1223 locutionem,
1404 1175 1485 1222 sed,
1515 1175 1556 1214 id
1586 1174 1689 1226 quod
1719 1173 1883 1213 dubium

272 1249 356 1278 esse
386 1237 485 1277 mihi
513 1248 590 1276 non
635 1236 797 1282 videtur,
843 1236 946 1274 certe
988 1234 1217 1286 antiquioris
1257 1234 1440 1284 temporis
1485 1234 1545 1272 est
1584 1234 1621 1272 et
1665 1230 1884 1271 carminum

271 1295 468 1347 epicorum
499 1293 734 1345 cyclicorum
764 1303 863 1344 quae
906 1292 1087 1331 dicuntur
1126 1291 1282 1342 propria
1312 1292 1381 1331 ost.
1438 1289 1499 1329 De
1530 1287 1778 1340 metaphorae
1808 1298 1885 1327 usu

270 1352 374 1403 apud
404 1353 536 1403 poetas
564 1350 735 1401 tragicos
764 1350 983 1389 accuratius
1013 1349 1094 1400 egit
1114 1347 1372 1388 Wilamowitz
1402 1347 1453 1387 ad
1482 1346 1575 1388 Eur.
1606 1345 1699 1386 Her.
1732 1343 1824 1384 158.

381 1403 732 1461 ἁλιπόρφυρος]
747 1405 792 1446 V.
822 1407 895 1446 sub
927 1400 1191 1460 πορφύρεος.

386 1458 645 1519 ἀμφίπολος
676 1494 685 1503 .
709 1494 719 1503 .
741 1494 751 1503 .
782 1459 960 1518 κελέβην
989 1458 1146 1512 ἔχουσα
1178 1462 1241 1515 (fr.
1264 1461 1348 1512 32).
1407 1460 1506 1500 Item
1538 1460 1641 1512 apud
1671 1459 1886 1498 Homerum

273 1522 451 1563 feminini
473 1525 625 1562 tantum
645 1522 804 1572 generis
834 1524 892 1561 est
922 1523 960 1561 et
989 1521 1093 1572 apud
1114 1519 1353 1560 Herodotum
1374 1517 1435 1570 (11
1459 1516 1551 1565 131,
1581 1516 1616 1556 V
1637 1515 1704 1564 92,
1734 1515 1791 1556 IX
1812 1513 1885 1567 76)

271 1584 310 1620 et
338 1580 441 1631 apud
472 1579 758 1631 Hippocratem.

385 1630 597 1689 ἄμωμος]
647 1636 758 1687 Apud
789 1634 1000 1675 Homerum
1030 1634 1186 1687 μῶμος
1214 1633 1373 1685 quidem
1404 1634 1442 1671 et
1469 1626 1701 1684 μωμέομαι
1736 1631 1888 1670 exstant

273 1698 311 1735 et
353 1687 589 1761 ἀμώμητος
627 1692 750 1733 semel
789 1693 987 1732 invenitur
1016 1690 1093 1742 (M
1122 1688 1241 1743 109);
1282 1701 1351 1741 pro
1390 1683 1574 1741 ἄμωμος
1616 1689 1747 1727 autem
1789 1685 1889 1727 solet

274 1752 404 1792 dicere
433 1746 629 1804 αμύμων,
660 1761 759 1802 quae
789 1749 912 1789 forma
940 1748 1090 1789 aeolica
1119 1750 1188 1788 est.
1234 1747 1410 1787 Primum
1439 1745 1620 1786 adhibuit
1652 1742 1886 1784 vocabulum

275 1808 468 1849 Hesiodus
497 1807 566 1848 Th.
599 1807 679 1848 259
711 1801 822 1862 φυήν
851 1799 895 1845 τ’
928 1802 1054 1860 ἑρατί
1087 1802 1163 1846 καὶ
1192 1795 1312 1853 εἶδος
1350 1796 1547 1856 ι’ίμωμος,
1588 1803 1727 1843 Anacr.
1757 1800 1802 1841 fr.
1832 1799 1887 1841 48

277 1861 453 1921 ἁπαλῆς
480 1861 619 1920 κόμης
647 1858 830 1917 ἄμωμον
858 1855 1012 1913 ἄνθος,
1043 1862 1184 1903 Aesch.
1214 1861 1322 1902 Pers.
1355 1860 1435 1901 185
1466 1855 1544 1902 δύο
1572 1858 1747 1912 γυναῖκε
1779 1890 1788 1899 .
1810 1889 1820 1898 .
1844 1889 1854 1898 .
1876 1888 1887 1898 .

274 1918 423 1963 κάλλει
445 1915 487 1963 τ’
511 1916 694 1976 ἀμώμῳ.
725 1921 772 1961 Iu
792 1932 906 1973 prosa
925 1932 1078 1987 quoqpe
1097 1921 1269 1960 oratione
1288 1919 1485 1959 invenitur
1502 1918 1607 1970 apud
1628 1916 1720 1957 Hes.
1741 1915 1783 1956 II
1807 1914 1887 1956 1¹77

275 1970 311 2049 ᾗ
357 1976 514 2021 ἐκεῖνοι
562 1976 607 2028 ἐς
660 1973 747 2019 αἰεὶ
788 1975 973 2030 χρῶνται
1020 1971 1109 2018 όντι
1156 1969 1327 2030 ἀμώμῳ
1378 1969 1498 2029 νόμῳ
1546 1973 1626 2027 (111
1660 1973 1713 2013 82
1758 1975 1890 2014 autem

276 2033 524 2091 αμώμητος,
556 2037 593 2077 h.
624 2048 654 2076 e.
686 2037 771 2076 sine
800 2035 1115 2087 reprehensione,
1147 2032 1292 2085 culpa).

391 2088 639 2150 ἀνήμερος]
683 2086 843 2149 ἥμερος
872 2094 1043 2144 genuina
1064 2103 1153 2132 cum
1175 2092 1213 2130 vi
1234 2091 1383 2131 dictum
1404 2090 1452 2130 de
1472 2088 1712 2129 animalibus
1734 2087 1891 2127 domitis

278 2152 402 2193 semel
431 2153 630 2192 invenitur
658 2151 762 2203 apud
792 2150 1005 2190 Homerum
1037 2150 1085 2190 de
1115 2160 1251 2189 ansere
1280 2161 1304 2188 ο
1338 2147 1430 2195 162,
1461 2147 1509 2186 de
1539 2146 1742 2187 arboribus
1773 2144 1891 2185 cultis

277 2210 381 2262 apud
413 2209 652 2250 Herodotum
684 2208 758 2261 (1v
780 2207 845 2254 21,
876 2207 974 2248 VIII
999 2206 1101 2253 1>15;
1132 2200 1291 2262 ἡμέρης
1321 2199 1468 2259 ἐλαίης
1497 2203 1532 2243 V
1563 2203 1648 2254 82).
1689 2204 1894 2242 Anacreon

281 2278 370 2307 cum
401 2266 569 2307 Dianam
601 2265 852 2317 Magnetibus
894 2265 1099 2316 propitiam
1140 2265 1197 2303 sic
1239 2261 1452 2314 alloquitur
1482 2259 1545 2313 (fr.
1578 2261 1614 2307 1,
1636 2258 1699 2311 7):
1732 2252 1781 2299 οὗ
1810 2254 1892 2313 γὰρ

277 2316 517 2378 ἀνημέρους
548 2318 798 2376 ποιμαίνεις
830 2316 1056 2377 πολιήτας,
1091 2322 1209 2367 cives,
1239 2322 1304 2371 qui
1336 2320 1376 2359 in
1406 2319 1503 2359 urbe
1532 2329 1603 2358 sua
1625 2320 1748 2357 certas
1778 2316 1893 2357 sedes

374 2482 409 2522 7)
432 2482 487 2513 Sic
511 2482 719 2513 scribendum
743 2481 816 2513 erit.
855 2480 950 2520 Quod
975 2481 1093 2519 legitur
1118 2480 1209 2511 Paul.
1234 2478 1294 2510 Sil.
1320 2479 1358 2509 Δ.
1377 2477 1411 2507 Ρ.
1430 2477 1474 2508 VI
1492 2479 1546 2513 84,
1563 2479 1582 2509 δ
1606 2474 1695 2521 χειρὶ
1711 2474 1894 2519 μεναίχμᾳ.

282 2532 390 2559 utrum
414 2528 456 2558 ed
482 2525 673 2571 μιναίχμης
696 2537 737 2558 en
763 2528 803 2558 ad
830 2526 1016 2570 μίναιχμος
1031 2526 1143 2557 redeat
1167 2525 1342 2557 incertum.
1376 2524 1501 2555 Nomen
1520 2520 1718 2566 Μέναιχμος
1741 2522 1896 2561 frequens

282 2579 345 2606 eet.
369 2590 413 2597 —
439 2573 489 2604 De
514 2579 617 2604 metro
641 2574 707 2613 egit
732 2573 842 2613 Heph.
868 2583 899 2612 p.
926 2575 966 2603 δι
989 2572 1060 2605 W.:
1086 2568 1219 2610 ἔνδοξόν
1237 2567 1385 2603 ἐστικαὶ
1410 2565 1626 2602 ἐπισύνθετον
1649 2565 1709 2601 καὶ
1730 2563 1768 2601 τὸ
1786 2567 1896 2601 Burs»-

283 2615 474 2660 θημιμιρὶς
496 2615 534 2652 τό
561 2616 751 2671 ζχκωμιολο
775 2615 846 2652 ικὸν
878 2614 1095 2659 καλούμενον,
1120 2611 1201 2657 ὅπερ
1218 2612 1309 2649 ἐστὶν
1334 2612 1374 2648 ἐκ
1397 2613 1601 2649 eam-umor,
1624 2612 1707 2646 7:th
1735 2610 1901 2655 μιμιροῦς

281 2662 340 2698 καὶ
359 2662 518 2707 ἰαμβικοῦ
543 2674 602 2697 του
619 2662 706 2705 ἴσου,
742 2700 746 2706 ,
786 2662 951 2707 κέχρηται
967 2660 1027 2706 μὲν
1045 2661 1103 2696 καὶ
1118 2657 1276 2698 ’Δλκαῖος
1301 2657 1335 2693 ἐν
1360 2654 1501 2704 ᾅσματι,
1526 2651 1567 2693 οὗ
1589 2654 1613 2701 τί
1639 2653 1704 2703 α’ρχ
1747 2659 1801 2700 (rr.
1820 2655 1895 2701 ⁹4)-

282 2701 308 2751 ἦ
331 2705 359 2751 ῤ’
385 2706 434 2742 ἔτι
450 2707 629 2753 Διννομένῃ
650 2707 843 2754 (Διννομένη
862 2710 904 2747 Δ)
932 2709 981 2750 τῷ
1004 2707 1070 2750 (roi
1087 2710 1130 2746 Δ)
1154 2702 1351 2761 Τυρρακήω
1374 2700 1404 2738 τ’
1428 2701 1558 2747 ἄρμενα
1585 2701 1719 2746 λαμπρὰ
1745 2697 1837 2737 κέατ’
1861 2700 1896 2737 ἐν

283 2750 460 2810 pupae-offic>
485 2753 514 2798 (?
540 2754 707 2798 μυρσίννῳ
724 2756 751 2786 Δ
769 2760 805 2787 ut
822 2754 978 2795 videtur).
995 2752 1159 2798 κέχρηται
1175 2751 1214 2787 δὲ
1231 2750 1290 2785 καὶ
1323 2752 1344 2782 Α
1352 2749 1501 2792 νακρέων
1519 2748 1553 2784 ἐν
1568 2749 1714 2784 πλείοσιν
1733 2744 1896 2795 ᾅσμασιν,

296 2797 324 2834 0'.
351 2813 386 2842 μ..
425 2802 462 2833 Α.
486 2811 523 2843 φ.
550 2796 599 2842 μ..’
624 2799 659 2843 (Ι.
685 2800 740 2843 c).
787 2801 852 2833 Sed
879 2801 964 2833 salsa
998 2805 1047 2831 eet
1079 2797 1334 2839 Hephaestionis
1366 2797 1544 2838 distinctio,
1578 2806 1653 2828 nun
1686 2796 1748 2828 hoc
1787 2795 1896 2836 potine

284 2867 355 2890 esee
380 2862 518 2889 metrum
544 2857 655 2889 Alcaei
681 2867 797 2890 versun
821 2858 958 2890 decenn
983 2866 1303 2886 υυυυυυυυ
1323 2855 1329 2896 1
1349 2864 1508 2884 -----
1540 2853 1639 2894 Apud
1656 2854 1895 2885 Anacreontem

284 2913 339 2957 (fr.
362 2913 509 2957 'lo—¹14)
523 2920 631 2946 eutem
650 2915 730 2946 baec
754 2920 879 2947 tautum
897 2915 1001 2946 forme
1019 2914 1203 2945 invenitur-2
1227 2934 1253 2941 ..
1266 2923 1295 2940 υ
1307 2923 1338 2942 υ
1354 2934 1376 2940 -
1389 2922 1419 2941 υ
1431 2922 1463 2940 υ
1477 2933 1504 2940 ..
1517 2922 1547 2940 υ
1560 2932 1588 2940 ..
1600 2921 1631 2940 υ
1645 2932 1672 2940 ..
1687 2914 1731 2951 z,
1756 2914 1793 2942 ut
1809 2909 1896 2940 idem

286 2968 429 2992 metrum
455 2970 527 2992 eene
554 2970 618 2991 non
643 2965 783 3001 constet,
807 2961 895 3001 quod
921 2961 1063 2991 lonicum
1089 2960 1197 3000 potius
1221 2968 1293 2990 eeee
1318 2958 1461 2990 videtur.

1602 3015 1629 3052 4
