2144 3412
932 773 1081 831 Caput
1108 774 1323 820 tertium.

958 879 1035 927 De
1069 881 1291 941 syntaxi.

439 1016 549 1067 Quod
567 1017 823 1058 Anacreontis
843 1017 998 1058 dicendi
1028 1029 1152 1070 genus
1172 1019 1224 1058 sit
1244 1018 1319 1059 hac
1349 1019 1389 1059 in
1409 1030 1451 1059 re
1471 1021 1738 1071 cognoscenda
1756 1022 1928 1062 veterum

317 1071 548 1132 ‘auctorItate
576 1092 634 1131 uti
662 1091 764 1139 licet,
795 1103 819 1131 a
847 1091 991 1144 quibus
1022 1093 1106 1132 eius
1136 1092 1362 1133 elocutionis
1399 1094 1652 1146 proprietates
1683 1095 1929 1136 nominantur

324 1157 507 1220 ἀφέλεια
553 1167 591 1206 et
631 1159 914 1220 γλαφυρότης.
973 1167 1101 1219 Atque
1146 1166 1421 1218 Hermogenes,
1463 1169 1531 1220 qui
1577 1164 1679 1221 περὶ
1721 1163 1852 1210 ἰδεῶν
1888 1169 1931 1210 11

325 1250 407 1291 cap.
440 1239 464 1280 3
497 1235 599 1293 περὶ
630 1232 835 1295 ἀφελείας
865 1241 955 1292 egit,
995 1240 1183 1293 simplicis
1226 1242 1409 1282 orationis
1448 1243 1659 1282 sententias
1699 1243 1756 1283 sie
1796 1242 1931 1284 definit

328 1313 388 1364 (II
418 1313 500 1354 351
533 1313 715 1366 Speng.):
745 1308 907 1356 ἔννοιαι
936 1309 1079 1355 τοίνυν
1108 1310 1218 1356 εἰσὶν
1246 1308 1453 1371 ἀφελείας
1490 1310 1643 1364 ἁπλῶς
1679 1313 1761 1370 μὲν
1789 1311 1932 1358 εἰπεῖν

326 1383 371 1429 αὶ
401 1384 600 1445 καθαραί
628 1388 686 1440 (h.
708 1401 739 1430 e.
762 1388 997 1442 dilucidae)·
1029 1383 1073 1429 αἱ
1096 1421 1105 1429 .
1127 1420 1138 1430 .
1168 1384 1375 1430 ἁπάντων
1403 1382 1654 1445 ἀνθρώπων
1683 1387 1825 1432 κοιναὶ
1857 1387 1932 1433 καὶ

328 1458 393 1512 εἷς
436 1458 608 1513 πάντας
649 1457 911 1505 ἀνελθοῦσαι
941 1457 967 1519 ἢ
1006 1459 1192 1515 δόξασαι
1233 1457 1434 1505 ἀνελθεῖν
1474 1461 1549 1505 καὶ
1584 1463 1718 1520 μηδὲν
1757 1461 1932 1518 ἔχουσαι

327 1533 447 1591 βαθὺ
475 1534 584 1593 μηδὲ
617 1534 971 1592 περινενοημένον
1001 1536 1059 1591 (h.
1092 1551 1123 1579 e.
1154 1540 1377 1591 sententias,
1418 1550 1517 1591 quae
1558 1552 1684 1593 neque
1712 1540 1932 1583 reconditae

326 1614 418 1653 sunt
447 1624 572 1665 neque
609 1613 865 1664 ambiguitate
903 1612 1214 1665 intellegentiam
1258 1612 1511 1664 confundunt)
1544 1646 1717 1657 .....
1746 1615 1932 1668 Singulae

326 1687 448 1739 igitur
475 1698 672 1739 personae.
703 1699 802 1739 quas
838 1688 922 1728 eius
951 1699 1110 1739 poeseos
1140 1687 1306 1739 simplex
1335 1687 1487 1728 indoles
1517 1688 1773 1741 amplectitur,
1801 1691 1932 1742 partes

329 1772 421 1801 suas
462 1761 519 1801 sic
560 1762 738 1809 subeunt,
777 1763 821 1802 ut
864 1773 997 1802 earum
1041 1773 1103 1802 res
1146 1763 1183 1802 et
1224 1762 1398 1802 condicio
1439 1763 1668 1805 desiderant.
1729 1763 1828 1806 Oum
1857 1763 1932 1805 hac

327 1837 458 1876 autem
504 1836 687 1876 orationis
733 1834 985 1887 simplicitate
1036 1848 1121 1877 eam
1165 1848 1317 1888 quoque
1365 1837 1640 1888 proprietatem
1690 1839 1932 1880 coniunctam

330 1921 415 1950 esse
461 1910 729 1963 Hermogenes
777 1911 921 1963 pergit,
971 1912 1015 1951 ut
1062 1912 1174 1963 poeta
1217 1922 1508 1963 nonnumquam
1558 1912 1675 1952 etiam
1720 1910 1800 1952 alia
1845 1924 1934 1964 pro·

328 1983 431 2024 ferre
460 1985 638 2025 videatur
680 1996 769 2024 cum
799 1986 961 2033 actione,
992 1996 1092 2037 quae
1126 1997 1196 2025 suo
1226 1985 1311 2025 loco
1343 1985 1396 2033 fit,
1426 1984 1526 2026 ultro
1562 1997 1637 2026 non
1675 1986 1932 2028 cohaerentia.

326 2058 431 2099 'Palis
470 2059 627 2111 quidem
666 2059 716 2099 ab
755 2059 904 2099 actione
945 2059 1142 2111 proposita
1188 2060 1443 2111 digressionis
1482 2060 1699 2112 exemplum
1748 2061 1789 2100 in
1827 2061 1932 2101 Ana-

329 2133 495 2174 creontis
523 2133 753 2185 fragmentis
790 2132 920 2174 adhuc
960 2134 1124 2174 servatis
1153 2144 1231 2174 non
1271 2135 1403 2182 exstat,
1445 2135 1514 2175 sed
1544 2134 1808 2187 Hermogenes
1837 2135 1932 2187 quin

326 2209 429 2249 recte
458 2208 688 2249 iudicaverit
717 2207 881 2248 dubium
917 2219 1003 2248 esse
1032 2219 1109 2248 non
1129 2208 1291 2250 videtur.
1334 2208 1418 2249 Hoc
1449 2211 1552 2249 certe
1581 2204 1833 2250 memorabile
1861 2211 1931 2258 est,

328 2283 429 2334 quod
457 2283 612 2334 propter
640 2281 741 2322 hanc
769 2294 854 2322 rem
881 2284 1186 2323 Anacreonteam
1224 2284 1361 2334 poesin
1400 2295 1489 2324 cum
1517 2283 1744 2325 Theocritea
1772 2283 1930 2326 confert.

444 2356 547 2397 Huic
595 2357 726 2397 autem
769 2368 930 2409 poeseos
973 2357 1151 2398 tenuitati
1166 2389 1175 2405 ,
1230 2369 1329 2409 quae
1375 2356 1557 2410 vulgares
1600 2360 1750 2398 tantum
1796 2369 1933 2400 causas

330 2431 497 2471 continet
525 2433 564 2471 et
592 2431 634 2471 in
654 2431 735 2471 vita
765 2432 962 2471 communi
983 2431 1129 2479 obvias,
1158 2432 1392 2484 respondent
1413 2433 1528 2472 etiam
1551 2433 1635 2472 eius
1654 2434 1931 2475 sententiarum

330 2504 491 2557 figurae.
547 2505 708 2547 Aristid.
738 2501 842 2560 περὶ
881 2497 1006 2560 ἀφελ.
1037 2499 1128 2558 λόγ.
1158 2505 1199 2546 Π
1231 2505 1311 2546 513
1356 2505 1520 2559 Speng.:
1561 2502 1616 2547 τὰ
1646 2502 1696 2547 δὲ
1734 2501 1932 2562 σχήματα

374 2611 382 2620 .
414 2610 424 2620 .
455 2575 501 2620 ἐν
541 2578 603 2634 τῷ
642 2572 797 2634 ἀφελεῖ
837 2573 989 2634 (λόγῳ)
1031 2573 1245 2633 ἀνειμένα,
1289 2574 1413 2621 ἁπλᾶ
1414 2611 1677 2632 .......
1708 2575 1932 2637 κοινότερα

329 2649 403 2693 καὶ
432 2646 813 2694 ἀναπεπτωκότα·
857 2685 868 2695 .
890 2685 901 2695 .
921 2685 932 2694 .
962 2651 1096 2695 ταῦτα
1127 2651 1175 2695 δὲ
1203 2647 1342 2710 ἀφελῆ
1361 2653 1502 2707 (ποιεῖ
1531 2651 1606 2696 τὸν
1635 2649 1782 2710 λόγον)
1802 2650 1862 2706 ὡς
1878 2649 1933 2697 ἷῖν

332 2721 532 2768 ἰδιωτικὰ
561 2724 634 2768 καὶ
655 2722 886 2783 ὁμιλητικὰ
907 2723 1022 2770 ὄντα.
1072 2728 1269 2781 Simplicis
1288 2730 1410 2781 igitur
1428 2729 1536 2770 illius
1557 2731 1740 2771 orationis
1758 2731 1933 2784 proprias

332 2813 418 2842 esse
446 2802 605 2854 figuras,
650 2802 787 2855 quales
817 2804 858 2843 in
889 2802 1142 2843 collocutione
1172 2803 1350 2844 homines
1379 2803 1566 2845 adhibere
1606 2804 1741 2854 solent,
1770 2816 1932 2858 eamque

331 2876 382 2916 ad
412 2877 595 2916 cotidiani
624 2878 813 2917 sermonis
842 2888 1018 2918 normam
1052 2877 1258 2918 formatam
1300 2890 1386 2919 esse
1427 2879 1586 2921 indicat.
1645 2879 1773 2920 Huius
1801 2880 1932 2920 autem

333 2949 509 3003 exempla
539 2951 633 2990 satis
662 2951 784 2991 multa
804 2952 905 3004 apud
927 2953 1206 2992 Anacreontem
1227 2953 1391 2993 inveniri
1412 2953 1514 2994 infra
1533 2954 1697 2996 videbis.
1726 2952 1932 2995 Praeterea
