2144 3412
859 210 1136 252 ..93-

108 390 109 393 Ἰ
193 335 404 378 falsissime
433 338 572 385 sumit;
613 337 752 377 deinde
795 339 924 378 autem
967 349 1125 389 prorsus
1153 337 1270 378 aliam
1300 337 1481 379 vocabuli
1513 332 1804 407 περιφόρητος

198 395 552 462 interpretationem
581 394 741 462 profert,
778 405 870 435 nam
898 393 999 435 illud
1044 395 1191 435 dictum
1230 407 1316 436 esse
1347 395 1431 436 vult
1460 391 1539 437 ἐπὶ
1568 393 1701 437 καλοῦ
1730 394 1803 436 καὶ

193 446 498 505 ἁρπαζομένου
531 447 647 505 πρὸς
676 446 852 492 πάντων
883 445 1057 500 παιδός.
1118 452 1358 502 Quibuscum
1389 452 1437 494 cf.
1466 453 1605 501 Miller,
1634 453 1803 522 Melang.

191 521 228 560 p.
270 508 351 550 356
395 507 453 563 (et
491 521 591 575 corp.
628 511 881 577 paroemiogr
922 510 941 550 1
972 508 1094 576 441):
1146 504 1170 549 ὁ
1208 505 1511 579 περιφόρητος
1554 503 1802 578 ’Λρτὲμων

192 561 405 633 μέμνηται
435 561 591 633 ταύτης
621 562 816 635 Δίφιλος
845 561 891 607 ἐν
915 559 1115 634 Ἐμπόρῳ
1144 580 1218 607 και
1243 560 1502 637 Ἀνακρεων.
1532 563 1733 609 τάττεται
1755 565 1802 609 δὲ

195 619 270 663 ἐπι
300 623 386 663 τῶν
416 618 531 664 πάνι
562 620 864 692 ποθουμὲνων.
895 622 1013 692 φασὶ
1036 621 1117 678 γὰρ
1147 618 1215 665 ὅτι
1237 620 1461 674 νεανίσκος
1479 622 1647 694 ἐγένετο
1679 639 1800 680 περι-

191 675 385 749 μάχητος
415 680 515 730 ταῖς
555 679 749 747 γυναιξὶν
787 671 912 730 οὗτος
954 676 978 721 ὁ
1002 675 1242 748 Ἀρτέμων.
1281 677 1408 723 ἄλλοι
1439 679 1488 723 δὲ
1517 677 1585 724 ότι
1614 696 1800 736 μηχανο-

192 735 322 786 ποιὸς
350 734 516 792 ἐγένετο
538 733 804 806 σοφώτατος
847 736 958 779 κατὰ
1000 736 1101 788 τούς
1131 735 1395 806 Περικλέοις
1422 736 1622 795 χρόνους·
1661 738 1803 792 χωλὸς

195 791 244 834 δέ
274 789 335 835 ὢν
364 792 645 850 περιεφέρετο
676 792 753 836 ἐπὶ
783 796 846 852 τῷ
875 791 981 850 ὁρᾶν
1010 793 1090 845 τὰς
1118 792 1322 850 μηχανάς,
1363 798 1432 838 ubi
1474 798 1671 850 duplicem
1704 799 1803 839 hauc

191 854 417 893 memoriam
448 855 651 920 repetitam
684 848 768 894 esse
797 855 917 894 vides.
948 878 1004 883 —
1034 853 1141 903 Quae
1170 855 1434 905 interpretatio
1463 855 1718 906 praeferenda
1740 858 1802 904 sit,

192 910 374 950 docemur
404 922 450 951 ex
479 912 541 958 iis,
571 922 671 963 quae
700 910 932 952 scholiastes
961 911 1011 951 ad
1040 912 1106 951 Ar.
1136 910 1163 952 1.
1194 923 1225 951 c.
1249 923 1283 952 v.
1314 910 1396 952 849
1427 913 1647 953 adnotavit.
1677 914 1802 981 Κρα-

190 966 330 1015 τῖνος·
374 999 383 1007 .
415 998 425 1007 .
455 998 466 1008 .
498 965 773 1037 κωμωδεῖται
818 964 866 1008 δὲ
899 964 978 1008 ἐπὶ
1005 963 1179 1022 μοιχείᾳ
1206 964 1282 1034 aa}
1326 981 1386 1016 ως
1425 962 1628 1022 ἆσέμνως
1656 966 1801 1037 κειρό-

190 1036 332 1076 μενος.
361 1021 516 1078 μοιχὸς
543 1021 593 1065 δε
622 1016 740 1094 εἶδος
768 1021 841 1065 καὶ
882 1020 1019 1077 όνομα
1059 1024 1215 1093 κοιρᾶς
1245 1018 1475 1092 ἀπρεποῦς
1503 1022 1800 1076 κιναιδώὸους.

187 1081 270 1136 μιᾷ
311 1078 361 1122 δὲ
403 1077 596 1137 μαχαίρᾳ
640 1073 765 1122 εἶπεν
818 1096 842 1121 ο
882 1079 1099 1134 καλοῖμεν
1147 1076 1274 1137 ἡμεῖς
1326 1078 1550 1150 ξυράφιον.
1611 1084 1802 1133 Cratinus,

189 1141 258 1190 qui
300 1150 389 1179 cum
430 1141 636 1180 Artemone
682 1142 927 1191 comparatur
974 1140 1024 1179 ab
1071 1139 1341 1191 Aristophane,
1385 1135 1538 1193 μοιχός
1581 1143 1801 1190 denotatur;

190 1198 374 1236 Artemon
405 1198 526 1248 igitur
554 1197 638 1248 ipse
666 1197 761 1237 item
792 1195 1009 1236 alienarum
1040 1208 1202 1237 uxorum
1225 1199 1460 1250 corruptoris
1489 1200 1580 1239 nota
1609 1211 1681 1251 per
1699 1199 1802 1240 ludi-

186 1253 315 1293 brium
359 1254 409 1294 ab
454 1255 695 1294 Anacreonte
739 1253 917 1305 signatus
962 1257 1032 1294 est.
1104 1253 1249 1294 Notum
1294 1260 1352 1295 est
1401 1255 1583 1296 moechos
1634 1258 1814 1298 crinium.
1865 1277 1868 1280 ·

187 1309 409 1351 evulsorum
440 1322 562 1362 poena
593 1322 677 1351 esse
706 1310 913 1351 multatos:
944 1313 1058 1377 atque
1088 1311 1209 1378 apud
1220 1312 1504 1354 Anacreontem
1533 1314 1578 1354 fr.
1610 1314 1676 1362 21,
1707 1314 1732 1355 8
1754 1315 1802 1355 de

186 1369 394 1408 Artemone
423 1368 520 1408 haec
550 1368 751 1408 dicuntur:
781 1363 918 1422 κόμην
948 1363 1136 1421 πώγωνά
1165 1361 1209 1408 τ’
1242 1364 1551 1439 ἐκτετιλμένος.
1596 1371 1655 1412 of.
1677 1372 1800 1414 schol.

184 1426 251 1466 Ar.
271 1423 375 1466 Plut.
400 1424 480 1465 168
512 1423 601 1477 (etsi
633 1437 762 1492 poena
787 1427 839 1466 ibi
872 1425 1077 1478 paululum
1107 1425 1184 1466 alia
1213 1426 1316 1478 est):
1348 1422 1372 1468 ὁ
1402 1421 1446 1467 δ’
1478 1422 1612 1478 ἁλούς
1639 1441 1712 1483 γε
1709 1442 1800 1470 ιιοι·

183 1478 262 1532 χός
291 1477 366 1522 διά
396 1478 449 1523 σέ
477 1494 564 1523 που
594 1477 931 1550 παρατίλλεται·
964 1514 973 1523 .
999 1514 1009 1524 .
1032 1514 1042 1524 .
1071 1497 1151 1532 τας
1181 1479 1331 1538 τρίχας
1359 1485 1437 1525 τοῦ
1466 1487 1684 1553 πρωκτοῦ
1705 1469 1800 1527 τίλ-

187 1536 319 1579 λεται.
360 1533 466 1594 αὕτη
494 1537 576 1606 γὰρ
617 1534 792 1608 ὥριστο
820 1536 916 1596 δίκη
960 1541 1057 1589 τοῖς
1096 1541 1270 1607 μοιχοῖς
1296 1538 1486 1597 πένησιν,
1520 1576 1527 1585 .
1561 1574 1571 1584 .
1604 1575 1614 1584 .
1646 1557 1685 1584 οι
1717 1541 1798 1599 γὰρ

188 1591 391 1637 πλούσιοι
434 1592 632 1652 χρίματα
677 1594 938 1665 παρέχοντες
987 1591 1239 1639 ἀπελύοντο.
1307 1599 1446 1640 Omnia
1488 1602 1611 1653 igitur
1654 1604 1797 1654 optime

186 1665 312 1695 nonne
342 1655 588 1705 congruunt?
617 1655 701 1695 Iam
730 1650 1022 1710 περιφόρητος
1049 1656 1145 1722 quid
1174 1657 1370 1709 significet
1405 1657 1577 1710 amplius
1605 1660 1797 1700 incertum

189 1722 275 1752 esse
304 1723 380 1752 non
422 1714 557 1764 potest.
616 1711 835 1753 Genuinam
875 1713 994 1753 habet
1023 1714 1101 1753 vim
1131 1714 1174 1754 in
1203 1713 1294 1755 Her.
1323 1714 1381 1755 IV
1414 1715 1494 1756 190
1526 1713 1798 1776 περιφόρητα

184 1763 399 1824 οικήματα
429 1768 555 1819 (Suid.
596 1764 890 1825 περιφόρητα*
930 1763 1053 1811 (ἰατά.
1079 1765 1348 1826 (Ηρόδοτος).
1409 1774 1538 1826 Atque
1566 1778 1611 1814 ut
1641 1770 1688 1815 d'e
1719 1776 1799 1815 viro

188 1826 266 1866 dici
294 1828 431 1893 potest,
461 1827 574 1867 ouius
613 1839 753 1867 nomen
782 1829 955 1868 οιιιιιίιιιιι
994 1829 1034 1868 in
1075 1839 1140 1869 ore
1181 1831 1240 1869 est
1269 1827 1332 1882 (ot.
1362 1830 1484 1871 schol.
1511 1833 1577 1871 Ar.
1607 1831 1632 1871 l.
1664 1844 1696 1873 c.
1726 1829 1798 1873 καὶ

187 1878 349 1932 πάντες
392 1895 432 1924 οι
473 1880 605 1938 σοφοὶ
645 1880 931 1939 περιφόρητοι
975 1883 1235 1936 καλοῦνται),
1278 1887 1337 1927 sic
1378 1888 1426 1928 de
1465 1889 1606 1929 iuvene
1647 1901 1799 1943 quoque

189 1943 346 1993 propter
374 1939 703 1993 pulchritudinem
733 1943 783 1982 ab
813 1943 994 1983 omnibus
1023 1943 1181 1984 feminis
1209 1947 1347 1985 amato.
1398 1945 1658 1987 Chamaeleon
1677 1948 1799 1998 igitur

187 1999 226 2039 et
254 1997 483 2039 Heraclides
511 1998 745 2039 vocabulum
784 1999 882 2040 salso
921 2001 1162 2052 interpretati
1201 2004 1303 2043 sunt.
1346 2026 1403 2030 —
1446 2002 1524 2044 Sed
1554 2004 1724 2045 conferas
1755 2017 1800 2046 ea

186 2067 288 2108 quae
317 2056 366 2096 de
395 2057 604 2097 Artemone
635 2068 680 2097 ex
710 2056 933 2098 Heraclidis
972 2057 1072 2098 libro
1100 2057 1339 2100 Plutarchus
1381 2061 1525 2101 reddit.
1565 2061 1662 2102 haec
1693 2064 1796 2103 enim

187 2124 276 2154 cum
307 2114 469 2154 eandem
509 2115 680 2166 speciem
720 2126 814 2166 prae
852 2127 895 2155 se
934 2115 1060 2155 ferant
1098 2117 1211 2168 atque
1241 2116 1287 2158 fr.
1320 2117 1386 2164 21,
1415 2118 1464 2158 ab
1495 2119 1798 2160 Anacreonticae

186 2181 347 2222 poeseos
375 2170 506 2211 indole
546 2172 708 2212 minime
749 2171 878 2213 aliena
919 2175 1031 2220 sunt;
1074 2184 1118 2213 ex
1149 2174 1319 2215 carmine
1347 2175 1470 2227 igitur
1498 2176 1665 2228 quodam
1697 2179 1797 2217 Ana-

190 2228 356 2268 creontis
386 2227 616 2269 Heraclides
653 2240 786 2269 eorum
816 2230 992 2270 notitiam
1022 2242 1148 2270 nonne
1181 2233 1347 2298 sumpsit
1377 2230 1441 2285 (ex
1472 2234 1616 2281 eodem,
1648 2247 1693 2274 ox
1723 2247 1798 2287 quo

187 2284 232 2325 fr.
265 2284 318 2325 21
331 2283 384 2353 a)
414 2286 476 2326 eui
507 2286 592 2337 ipse
621 2286 774 2327 addidit
805 2283 879 2327 καὶ
910 2283 989 2327 διὰ
1013 2285 1144 2328 τοῦτο
1175 2283 1338 2344 ἑκληθη
1367 2285 1611 2346 περιφόρητ
1614 2292 1690 2340 og?

290 2337 417 2393 πίνω,
432 2338 650 2397 προπίνω,
667 2339 845 2395 ἐκπίνω,
861 2339 1095 2394 υποπίνω.]
1118 2344 1223 2386 Serv
1237 2346 1353 2398 Verg.
1369 2348 1464 2389 Aen.
1481 2347 1623 2389 1749:
1637 2347 1800 2391 bibebat

186 2411 395 2441 amorem:
414 2398 565 2442 allusit
582 2400 641 2442 ad
661 2400 907 2444 convivium.
931 2400 1004 2444 Sic
1019 2400 1251 2470 Anacreon
1266 2403 1329 2457 (fr.
1344 2404 1462 2455 163):
1482 2399 1623 2458 ἔρωτα
1645 2402 1796 2448 πί.νων

187 2456 363 2498 Eandem
394 2458 716 2526 significationem
746 2460 885 2500 retinet
926 2455 1103 2526 μεθίων
1132 2455 1262 2529 ἔρωτι
1290 2461 1354 2528 (fr.
1386 2462 1484 2529 19).
1529 2463 1584 2504 Cf.
1617 2462 1797 2505 Philostr

188 2515 347 2567 imagin.
377 2514 397 2555 1
431 2515 482 2555 15
502 2530 545 2569 μ.
568 2509 602 2556 ἔ.
624 2512 731 2571 φησί
763 2513 864 2571 περὶ
894 2517 979 2557 τῶν
1010 2510 1211 2571 ἀκρατως
1241 2512 1436 2572 ἕρωντων
1467 2513 1491 2558 ὁ
1517 2515 1646 2576 Τήιος
1677 2521 1798 2589 (sicut

189 2572 237 2612 de
257 2583 363 2612 mero
383 2570 559 2640 dictum).
589 2573 777 2623 Quoniam
800 2574 900 2615 hanc
922 2574 1154 2615 locutionem
1177 2576 1377 2616 Anacreon
1407 2578 1557 2628 primus
1586 2580 1798 2631 usurpavit,

188 2630 306 2670 etiam
336 2628 437 2670 illud
467 2624 608 2685 ἔρωτα
640 2626 782 2672 πίνειν
820 2633 990 2684 primum
1031 2644 1119 2673 eum
1162 2632 1390 2674 adhibuisse
1419 2634 1632 2676 verisimile
1663 2639 1722 2677 est
1751 2648 1797 2678 ex

190 2686 318 2727 indole
349 2689 496 2738 poetae.
556 2687 610 2729 ef.
640 2687 739 2729 Bion
770 2689 939 2756 epitaph.
971 2688 1045 2730 45:
1086 2690 1220 2731 Venus
1260 2685 1380 2745 ἔγρεο
1410 2687 1585 2742 τυτθόν,
1614 2687 1795 2745 Ἀδωνι,

189 2736 294 2785 τόδ’
328 2735 381 2784 αὖ
411 2739 614 2812 πύματόν
642 2758 697 2811 με
729 2741 925 2814 φίλησον.
984 2743 1222 2787 τοσσοῦτόν
1260 2761 1315 2815 με
1346 2744 1575 2816 φίλησον“
1561 2745 1665 2791 όσον
1685 2747 1795 2822 ζωει

189 2798 241 2841 τὸ
271 2796 450 2856 φίλημα,
491 2795 615 2870 ἄχρις
657 2816 740 2844 απ(
797 2802 942 2858 ψιχᾶς
983 2800 1029 2853 ἐς
1073 2800 1179 2872 ἐμον
1224 2800 1366 2874 στόμα
1411 2801 1499 2855 κείς
1543 2804 1649 2862 ἐμὸν
1655 2824 1795 2907 ηπαρ

190 2859 362 2926 πνεῦμα
401 2856 497 2899 τεὸν
536 2855 686 2917 ρεύσῃ,
727 2856 778 2901 τὸ
817 2858 869 2902 δέ
917 2874 991 2902 σευ
1030 2858 1159 2929 γλικὺ
1200 2858 1383 2931 φίλτρον
1423 2857 1610 2917 ἀμέλξω,
1747 2865 1796 2908 δὲ

189 2911 280 2957 πίω
319 2913 395 2957 τὸν
433 2912 598 2972 ἔρωτας
641 2922 679 2958 et
707 2920 751 2959 A.
782 2917 824 2959 P.
859 2919 888 2959 V
921 2919 1002 2960 305
1042 2915 1195 2973 μεθύω
1239 2917 1288 2961 τὸ
1329 2916 1497 2976 φίλημα
1540 2920 1678 2965 πολὺν
1723 2923 1796 2966 τὸν
