<?xml version="1.0" encoding="UTF-8"?>
<!DOCTYPE html PUBLIC "-//W3C//DTD XHTML 1.0 Transitional//EN"
    "http://www.w3.org/TR/xhtml1/DTD/xhtml1-transitional.dtd">
<html xmlns="http://www.w3.org/1999/xhtml" xml:lang="en" lang="en">
 <head>
  <title>
</title>
<meta http-equiv="Content-Type" content="text/html;charset=utf-8" />
  <meta name='ocr-system' content='tesseract 3.04.00' />
  <meta name='ocr-capabilities' content='ocr_page ocr_carea ocr_par ocr_line ocrx_word'/>
</head>
<body>
  <div class='ocr_page' id='page_1' title='image "anacreonteascrip00webeuoft_0014.png"; bbox 0 0 2144 3412; ppageno 0'>
   <div class='ocr_carea' id='block_1_1' title="bbox 986 179 1239 220">
    <p class='ocr_par' dir='ltr' id='par_1_1' title="bbox 986 179 1239 220">
     <span class='ocr_line' id='line_1_1' title="bbox 986 179 1239 220; baseline 0.008 -12"><span class='ocrx_word' id='word_1_1' title='bbox 986 179 1239 220; x_wconf 71' lang='lat' dir='ltr'><strong>-ss-</strong></span> 
     </span>
    </p>
   </div>
   <div class='ocr_carea' id='block_1_2' title="bbox 299 302 1923 2519">
    <p class='ocr_par' dir='ltr' id='par_1_2' title="bbox 301 302 1922 1400">
     <span class='ocr_line' id='line_1_2' title="bbox 311 302 1920 363; baseline 0.003 -14"><span class='ocrx_word' id='word_1_2' title='bbox 311 305 526 363; x_wconf 74' lang='grc' dir='ltr'><strong><em>στέφανον</em></strong></span> <span class='ocrx_word' id='word_1_3' title='bbox 560 302 857 362; x_wconf 81' lang='grc' dir='ltr'><strong><em>Ναυκρατίτην</em></strong></span> <span class='ocrx_word' id='word_1_4' title='bbox 888 307 955 359; x_wconf 91' lang='lat' dir='ltr'><strong>(de</strong></span> <span class='ocrx_word' id='word_1_5' title='bbox 985 320 1061 360; x_wconf 89' lang='lat' dir='ltr'><strong>quo</strong></span> <span class='ocrx_word' id='word_1_6' title='bbox 1093 320 1126 348; x_wconf 88' lang='lat' dir='ltr'><strong>v.</strong></span> <span class='ocrx_word' id='word_1_7' title='bbox 1157 309 1258 350; x_wconf 77' lang='lat' dir='ltr'><strong>infra</strong></span> <span class='ocrx_word' id='word_1_8' title='bbox 1288 322 1318 350; x_wconf 93' lang='lat' dir='ltr'><strong>s.</strong></span> <span class='ocrx_word' id='word_1_9' title='bbox 1348 308 1400 362; x_wconf 87' lang='lat' dir='ltr'><strong>v.)</strong></span> <span class='ocrx_word' id='word_1_10' title='bbox 1431 310 1478 352; x_wconf 80' lang='lat' dir='ltr'><strong>i&#39;r.</strong></span> <span class='ocrx_word' id='word_1_11' title='bbox 1507 310 1573 354; x_wconf 83' lang='lat'><strong>83.</strong></span> <span class='ocrx_word' id='word_1_12' title='bbox 1632 312 1777 353; x_wconf 85' lang='lat' dir='ltr'><strong>Eodem</strong></span> <span class='ocrx_word' id='word_1_13' title='bbox 1807 313 1920 356; x_wconf 87' lang='lat' dir='ltr'><strong>modo</strong></span> 
     </span>
     <span class='ocr_line' id='line_1_3' title="bbox 310 368 1920 437; baseline 0.002 -14"><span class='ocrx_word' id='word_1_14' title='bbox 310 368 425 436; x_wconf 80' lang='lat' dir='ltr'><strong>atque</strong></span> <span class='ocrx_word' id='word_1_15' title='bbox 455 383 636 423; x_wconf 87' lang='lat' dir='ltr'><strong>omnibus</strong></span> <span class='ocrx_word' id='word_1_16' title='bbox 666 380 897 434; x_wconf 85' lang='lat' dir='ltr'><strong>aequalibus</strong></span> <span class='ocrx_word' id='word_1_17' title='bbox 927 382 1048 422; x_wconf 86' lang='lat' dir='ltr'><strong>maris</strong></span> <span class='ocrx_word' id='word_1_18' title='bbox 1084 383 1356 424; x_wconf 71' lang='lat' dir='ltr'>mediterranei</span> <span class='ocrx_word' id='word_1_19' title='bbox 1387 386 1590 437; x_wconf 75' lang='lat' dir='ltr'><strong>regionum</strong></span> <span class='ocrx_word' id='word_1_20' title='bbox 1620 386 1920 428; x_wconf 76' lang='lat' dir='ltr'><strong>occidentalium</strong></span> 
     </span>
     <span class='ocr_line' id='line_1_4' title="bbox 307 456 1919 513; baseline 0.002 -16"><span class='ocrx_word' id='word_1_21' title='bbox 307 458 470 497; x_wconf 88' lang='lat' dir='ltr'><strong>scientia</strong></span> <span class='ocrx_word' id='word_1_22' title='bbox 502 458 535 496; x_wconf 89' lang='lat' dir='ltr'><strong>ei</strong></span> <span class='ocrx_word' id='word_1_23' title='bbox 568 457 728 495; x_wconf 92' lang='lat' dir='ltr'><strong>minime</strong></span> <span class='ocrx_word' id='word_1_24' title='bbox 758 456 885 495; x_wconf 90' lang='lat' dir='ltr'><strong>deest:</strong></span> <span class='ocrx_word' id='word_1_25' title='bbox 925 456 1153 497; x_wconf 87' lang='lat' dir='ltr'><strong>notissimus</strong></span> <span class='ocrx_word' id='word_1_26' title='bbox 1183 458 1217 497; x_wconf 92' lang='lat' dir='ltr'><strong>ei</strong></span> <span class='ocrx_word' id='word_1_27' title='bbox 1250 460 1309 498; x_wconf 87' lang='lat' dir='ltr'><strong>est</strong></span> <span class='ocrx_word' id='word_1_28' title='bbox 1336 457 1615 500; x_wconf 72' lang='lat' dir='ltr'><strong>Tartessiorum</strong></span> <span class='ocrx_word' id='word_1_29' title='bbox 1647 459 1714 501; x_wconf 91' lang='lat' dir='ltr'><strong>ille</strong></span> <span class='ocrx_word' id='word_1_30' title='bbox 1744 472 1821 508; x_wconf 86' lang='lat' dir='ltr'><strong>rex,</strong></span> <span class='ocrx_word' id='word_1_31' title='bbox 1851 461 1919 513; x_wconf 84' lang='lat' dir='ltr'><strong>qui</strong></span> 
     </span>
     <span class='ocr_line' id='line_1_5' title="bbox 309 529 1916 584; baseline 0.002 -13"><span class='ocrx_word' id='word_1_32' title='bbox 309 533 462 571; x_wconf 88' lang='lat' dir='ltr'><strong>centum</strong></span> <span class='ocrx_word' id='word_1_33' title='bbox 497 529 780 582; x_wconf 75' lang='lat' dir='ltr'><strong>quinquaginta</strong></span> <span class='ocrx_word' id='word_1_34' title='bbox 815 540 936 569; x_wconf 89' lang='lat' dir='ltr'><strong>annos</strong></span> <span class='ocrx_word' id='word_1_35' title='bbox 976 531 1154 581; x_wconf 81' lang='lat' dir='ltr'><strong>regnavit</strong></span> <span class='ocrx_word' id='word_1_36' title='bbox 1182 530 1243 579; x_wconf 80' lang='lat' dir='ltr'><strong>(fr.</strong></span> <span class='ocrx_word' id='word_1_37' title='bbox 1275 529 1328 580; x_wconf 89' lang='lat'><strong>8),</strong></span> <span class='ocrx_word' id='word_1_38' title='bbox 1369 533 1626 584; x_wconf 82' lang='lat' dir='ltr'><strong>Arganthonii</strong></span> <span class='ocrx_word' id='word_1_39' title='bbox 1657 535 1812 575; x_wconf 88' lang='lat' dir='ltr'><strong>nomine</strong></span> <span class='ocrx_word' id='word_1_40' title='bbox 1842 545 1916 575; x_wconf 90' lang='lat' dir='ltr'><strong>non</strong></span> 
     </span>
     <span class='ocr_line' id='line_1_6' title="bbox 306 602 1917 660; baseline 0.004 -16"><span class='ocrx_word' id='word_1_41' title='bbox 306 604 499 657; x_wconf 87' lang='lat' dir='ltr'><strong>appellato</strong></span> <span class='ocrx_word' id='word_1_42' title='bbox 521 603 664 654; x_wconf 87' lang='lat' dir='ltr'><strong>(Strab.</strong></span> <span class='ocrx_word' id='word_1_43' title='bbox 695 602 755 643; x_wconf 91' lang='lat'><strong>111</strong></span> <span class='ocrx_word' id='word_1_44' title='bbox 780 602 890 655; x_wconf 86' lang='lat'><strong>151),</strong></span> <span class='ocrx_word' id='word_1_45' title='bbox 912 604 1003 655; x_wconf 87' lang='lat' dir='ltr'><strong>quia</strong></span> <span class='ocrx_word' id='word_1_46' title='bbox 1025 615 1068 644; x_wconf 92' lang='lat' dir='ltr'><strong>eo</strong></span> <span class='ocrx_word' id='word_1_47' title='bbox 1090 606 1262 656; x_wconf 89' lang='lat' dir='ltr'><strong>tempore</strong></span> <span class='ocrx_word' id='word_1_48' title='bbox 1282 606 1455 646; x_wconf 91' lang='lat' dir='ltr'><strong>omnium</strong></span> <span class='ocrx_word' id='word_1_49' title='bbox 1477 606 1551 647; x_wconf 80' lang='lat' dir='ltr'><strong>suit</strong></span> <span class='ocrx_word' id='word_1_50' title='bbox 1580 608 1621 648; x_wconf 90' lang='lat' dir='ltr'><strong>in</strong></span> <span class='ocrx_word' id='word_1_51' title='bbox 1650 620 1735 655; x_wconf 87' lang='lat' dir='ltr'><strong>ore;</strong></span> <span class='ocrx_word' id='word_1_52' title='bbox 1766 609 1917 660; x_wconf 88' lang='lat' dir='ltr'><strong>primus</strong></span> 
     </span>
     <span class='ocr_line' id='line_1_7' title="bbox 307 676 1916 733; baseline 0.004 -16"><span class='ocrx_word' id='word_1_53' title='bbox 307 678 380 718; x_wconf 91' lang='lat' dir='ltr'><strong>hoc</strong></span> <span class='ocrx_word' id='word_1_54' title='bbox 410 678 549 718; x_wconf 83' lang='lat' dir='ltr'><strong>fecisse</strong></span> <span class='ocrx_word' id='word_1_55' title='bbox 591 678 741 718; x_wconf 84' lang='lat' dir='ltr'><strong>videtur</strong></span> <span class='ocrx_word' id='word_1_56' title='bbox 780 677 999 718; x_wconf 82' lang='lat' dir='ltr'><strong>Herodotus</strong></span> <span class='ocrx_word' id='word_1_57' title='bbox 1029 676 1067 728; x_wconf 93' lang='lat' dir='ltr'><strong>(I</strong></span> <span class='ocrx_word' id='word_1_58' title='bbox 1101 677 1211 730; x_wconf 84' lang='lat'><strong>163),</strong></span> <span class='ocrx_word' id='word_1_59' title='bbox 1251 680 1318 731; x_wconf 92' lang='lat' dir='ltr'><strong>qui</strong></span> <span class='ocrx_word' id='word_1_60' title='bbox 1358 682 1512 721; x_wconf 90' lang='lat' dir='ltr'><strong>centum</strong></span> <span class='ocrx_word' id='word_1_61' title='bbox 1550 682 1690 733; x_wconf 80' lang='lat' dir='ltr'><strong>viginti</strong></span> <span class='ocrx_word' id='word_1_62' title='bbox 1728 693 1916 723; x_wconf 87' lang='lat' dir='ltr'><strong>annorum</strong></span> 
     </span>
     <span class='ocr_line' id='line_1_8' title="bbox 307 752 1915 805; baseline 0.004 -14"><span class='ocrx_word' id='word_1_63' title='bbox 307 763 402 805; x_wconf 88' lang='lat' dir='ltr'><strong>quos</strong></span> <span class='ocrx_word' id='word_1_64' title='bbox 433 752 526 792; x_wconf 85' lang='lat' dir='ltr'><strong>vixit</strong></span> <span class='ocrx_word' id='word_1_65' title='bbox 557 752 751 803; x_wconf 86' lang='lat' dir='ltr'><strong>octoginta</strong></span> <span class='ocrx_word' id='word_1_66' title='bbox 781 763 869 792; x_wconf 91' lang='lat' dir='ltr'><strong>eum</strong></span> <span class='ocrx_word' id='word_1_67' title='bbox 890 753 1117 804; x_wconf 80' lang='lat' dir='ltr'><strong>regnavisse</strong></span> <span class='ocrx_word' id='word_1_68' title='bbox 1147 753 1267 804; x_wconf 81' lang='lat' dir='ltr'><strong>addit,</strong></span> <span class='ocrx_word' id='word_1_69' title='bbox 1297 753 1514 796; x_wconf 77' lang='lat' dir='ltr'><strong>fabulosam</strong></span> <span class='ocrx_word' id='word_1_70' title='bbox 1546 756 1594 796; x_wconf 93' lang='lat' dir='ltr'><strong>de</strong></span> <span class='ocrx_word' id='word_1_71' title='bbox 1625 768 1667 796; x_wconf 95' lang='lat' dir='ltr'><strong>eo</strong></span> <span class='ocrx_word' id='word_1_72' title='bbox 1690 756 1915 797; x_wconf 75' lang='lat' dir='ltr'><strong>memoriam</strong></span> 
     </span>
     <span class='ocr_line' id='line_1_9' title="bbox 305 825 1913 879; baseline 0.003 -13"><span class='ocrx_word' id='word_1_73' title='bbox 305 825 536 879; x_wconf 82' lang='lat' dir='ltr'><strong>aequalibus</strong></span> <span class='ocrx_word' id='word_1_74' title='bbox 565 825 729 879; x_wconf 89' lang='lat' dir='ltr'><strong>aliisque</strong></span> <span class='ocrx_word' id='word_1_75' title='bbox 760 825 886 876; x_wconf 85' lang='lat' dir='ltr'><strong>(velut</strong></span> <span class='ocrx_word' id='word_1_76' title='bbox 907 826 1105 867; x_wconf 76' lang='lat' dir='ltr'><strong>Ciceroni:</strong></span> <span class='ocrx_word' id='word_1_77' title='bbox 1136 826 1184 869; x_wconf 87' lang='lat' dir='ltr'><strong>cf.</strong></span> <span class='ocrx_word' id='word_1_78' title='bbox 1208 827 1289 868; x_wconf 86' lang='lat' dir='ltr'><strong>Cat.</strong></span> <span class='ocrx_word' id='word_1_79' title='bbox 1310 828 1399 868; x_wconf 88' lang='lat' dir='ltr'><strong>mai.</strong></span> <span class='ocrx_word' id='word_1_80' title='bbox 1421 827 1494 879; x_wconf 85' lang='lat'><strong>60)</strong></span> <span class='ocrx_word' id='word_1_81' title='bbox 1514 829 1571 870; x_wconf 86' lang='lat' dir='ltr'><strong>sic</strong></span> <span class='ocrx_word' id='word_1_82' title='bbox 1601 829 1913 871; x_wconf 83' lang='lat' dir='ltr'><strong>verisimiliorem</strong></span> 
     </span>
     <span class='ocr_line' id='line_1_10' title="bbox 306 899 1922 963; baseline 0.004 -23"><span class='ocrx_word' id='word_1_83' title='bbox 306 900 462 941; x_wconf 80' lang='lat' dir='ltr'><strong>faciens.</strong></span> <span class='ocrx_word' id='word_1_84' title='bbox 536 899 778 949; x_wconf 73' lang='lat' dir='ltr'><strong>Quibuscum</strong></span> <span class='ocrx_word' id='word_1_85' title='bbox 828 900 873 940; x_wconf 84' lang='lat' dir='ltr'><strong>cf.</strong></span> <span class='ocrx_word' id='word_1_86' title='bbox 919 900 1018 941; x_wconf 92' lang='lat' dir='ltr'><strong>Plin.</strong></span> <span class='ocrx_word' id='word_1_87' title='bbox 1062 913 1097 941; x_wconf 90' lang='lat' dir='ltr'><strong>n.</strong></span> <span class='ocrx_word' id='word_1_88' title='bbox 1144 900 1181 941; x_wconf 92' lang='lat' dir='ltr'><strong>h.</strong></span> <span class='ocrx_word' id='word_1_89' title='bbox 1229 901 1306 942; x_wconf 88' lang='lat' dir='ltr'><strong>VII</strong></span> <span class='ocrx_word' id='word_1_90' title='bbox 1354 901 1455 942; x_wconf 82' lang='lat'>154:</span> <span class='ocrx_word' id='word_1_91' title='bbox 1512 901 1744 945; x_wconf 78' lang='lat' dir='ltr'><strong>Anacreon</strong></span> <span class='ocrx_word' id='word_1_92' title='bbox 1785 905 1922 963; x_wconf 52' lang='lat' dir='ltr'><strong>poeta</strong></span> 
     </span>
     <span class='ocr_line' id='line_1_11' title="bbox 301 971 1917 1032; baseline 0.004 -18"><span class='ocrx_word' id='word_1_93' title='bbox 301 971 600 1027; x_wconf 72' lang='lat' dir='ltr'><strong>Arqanthonio</strong></span> <span class='ocrx_word' id='word_1_94' title='bbox 643 972 956 1016; x_wconf 77' lang='lat' dir='ltr'><strong>Tartessiorum</strong></span> <span class='ocrx_word' id='word_1_95' title='bbox 997 974 1086 1029; x_wconf 79' lang='lat' dir='ltr'><strong>reyi</strong></span> <span class='ocrx_word' id='word_1_96' title='bbox 1123 973 1196 1017; x_wconf 85' lang='lat' dir='ltr'><strong>CL</strong></span> <span class='ocrx_word' id='word_1_97' title='bbox 1227 974 1374 1017; x_wconf 72' lang='lat' dir='ltr'><strong>tribuit</strong></span> <span class='ocrx_word' id='word_1_98' title='bbox 1416 989 1566 1026; x_wconf 81' lang='lat' dir='ltr'><strong>annos,</strong></span> <span class='ocrx_word' id='word_1_99' title='bbox 1613 975 1799 1031; x_wconf 73' lang='lat' dir='ltr'><strong>Cinyrae</strong></span> <span class='ocrx_word' id='word_1_100' title='bbox 1834 975 1917 1032; x_wconf 74' lang='lat' dir='ltr'><strong>Gy-</strong></span> 
     </span>
     <span class='ocr_line' id='line_1_12' title="bbox 303 1047 1917 1103; baseline 0.003 -14"><span class='ocrx_word' id='word_1_101' title='bbox 303 1047 499 1101; x_wconf 78' lang='lat' dir='ltr'><strong>priorum</strong></span> <span class='ocrx_word' id='word_1_102' title='bbox 529 1048 669 1090; x_wconf 82' lang='lat' dir='ltr'><strong>decem</strong></span> <span class='ocrx_word' id='word_1_103' title='bbox 700 1049 831 1090; x_wconf 80' lang='lat' dir='ltr'><strong>annis</strong></span> <span class='ocrx_word' id='word_1_104' title='bbox 861 1048 1061 1102; x_wconf 52' lang='lat' dir='ltr'><strong>ampliu&amp;</strong></span> <span class='ocrx_word' id='word_1_105' title='bbox 1090 1048 1284 1103; x_wconf 72' lang='lat' dir='ltr'><strong>Aeyimio</strong></span> <span class='ocrx_word' id='word_1_106' title='bbox 1319 1047 1404 1092; x_wconf 80' lang='lat'><strong>00.</strong></span> <span class='ocrx_word' id='word_1_107' title='bbox 1465 1050 1643 1103; x_wconf 87' lang='lat' dir='ltr'><strong>(Praeter</strong></span> <span class='ocrx_word' id='word_1_108' title='bbox 1680 1051 1917 1094; x_wconf 78' lang='lat' dir='ltr'><strong>Tartessium</strong></span> 
     </span>
     <span class='ocr_line' id='line_1_13' title="bbox 306 1123 1912 1178; baseline 0.003 -15"><span class='ocrx_word' id='word_1_109' title='bbox 306 1123 379 1164; x_wconf 92' lang='lat' dir='ltr'><strong>hos</strong></span> <span class='ocrx_word' id='word_1_110' title='bbox 409 1134 560 1176; x_wconf 89' lang='lat' dir='ltr'><strong>quoque</strong></span> <span class='ocrx_word' id='word_1_111' title='bbox 581 1125 693 1175; x_wconf 89' lang='lat' dir='ltr'><strong>poeta</strong></span> <span class='ocrx_word' id='word_1_112' title='bbox 723 1135 815 1164; x_wconf 92' lang='lat' dir='ltr'><strong>num</strong></span> <span class='ocrx_word' id='word_1_113' title='bbox 837 1124 1103 1172; x_wconf 83' lang='lat' dir='ltr'><strong>nominaverit,</strong></span> <span class='ocrx_word' id='word_1_114' title='bbox 1134 1135 1210 1164; x_wconf 91' lang='lat' dir='ltr'><strong>non</strong></span> <span class='ocrx_word' id='word_1_115' title='bbox 1229 1126 1306 1165; x_wconf 88' lang='lat' dir='ltr'><strong>tam</strong></span> <span class='ocrx_word' id='word_1_116' title='bbox 1331 1126 1509 1176; x_wconf 86' lang='lat' dir='ltr'><strong>certum.)</strong></span> <span class='ocrx_word' id='word_1_117' title='bbox 1554 1127 1680 1178; x_wconf 86' lang='lat' dir='ltr'><strong>Atque</strong></span> <span class='ocrx_word' id='word_1_118' title='bbox 1709 1125 1912 1178; x_wconf 85' lang='lat' dir='ltr'><strong>paululum</strong></span> 
     </span>
     <span class='ocr_line' id='line_1_14' title="bbox 304 1197 1918 1254; baseline 0.003 -16"><span class='ocrx_word' id='word_1_119' title='bbox 304 1198 404 1238; x_wconf 81' lang='lat' dir='ltr'><strong>infra</strong></span> <span class='ocrx_word' id='word_1_120' title='bbox 433 1198 537 1238; x_wconf 90' lang='lat' dir='ltr'><strong>idem</strong></span> <span class='ocrx_word' id='word_1_121' title='bbox 569 1198 682 1237; x_wconf 88' lang='lat' dir='ltr'><strong>dicit:</strong></span> <span class='ocrx_word' id='word_1_122' title='bbox 723 1197 799 1239; x_wconf 81' lang='lat' dir='ltr'><strong>sed</strong></span> <span class='ocrx_word' id='word_1_123' title='bbox 840 1199 890 1238; x_wconf 81' lang='lat' dir='ltr'><strong>ut</strong></span> <span class='ocrx_word' id='word_1_124' title='bbox 928 1197 987 1239; x_wconf 84' lang='lat' dir='ltr'><strong>ad</strong></span> <span class='ocrx_word' id='word_1_125' title='bbox 1027 1197 1221 1251; x_wconf 80' lang='lat' dir='ltr'><strong>consessa</strong></span> <span class='ocrx_word' id='word_1_126' title='bbox 1261 1199 1540 1250; x_wconf 78' lang='lat' dir='ltr'><strong>transeamus,</strong></span> <span class='ocrx_word' id='word_1_127' title='bbox 1571 1198 1918 1254; x_wconf 73' lang='lat' dir='ltr'><strong>Aryanthonium</strong></span> 
     </span>
     <span class='ocr_line' id='line_1_15' title="bbox 307 1269 1920 1328; baseline 0.001 -13"><span class='ocrx_word' id='word_1_128' title='bbox 307 1270 577 1315; x_wconf 79' lang='lat' dir='ltr'><strong>Gaditanum</strong></span> <span class='ocrx_word' id='word_1_129' title='bbox 617 1269 801 1313; x_wconf 90' lang='lat' dir='ltr'><strong><em>LXXX</em></strong></span> <span class='ocrx_word' id='word_1_130' title='bbox 844 1271 973 1313; x_wconf 75' lang='lat' dir='ltr'><strong>armis</strong></span> <span class='ocrx_word' id='word_1_131' title='bbox 1016 1285 1216 1326; x_wconf 74' lang='lat' dir='ltr'><strong>reynasse</strong></span> <span class='ocrx_word' id='word_1_132' title='bbox 1252 1285 1389 1327; x_wconf 81' lang='lat' dir='ltr'><strong>prope</strong></span> <span class='ocrx_word' id='word_1_133' title='bbox 1434 1275 1591 1316; x_wconf 74' lang='lat' dir='ltr'><strong>certum</strong></span> <span class='ocrx_word' id='word_1_134' title='bbox 1637 1277 1710 1326; x_wconf 79' lang='lat' dir='ltr'><strong>est,</strong></span> <span class='ocrx_word' id='word_1_135' title='bbox 1753 1276 1920 1328; x_wconf 69' lang='lat' dir='ltr'><strong>putant</strong></span> 
     </span>
     <span class='ocr_line' id='line_1_16' title="bbox 304 1345 854 1400; baseline 0 -13"><span class='ocrx_word' id='word_1_136' title='bbox 304 1345 629 1400; x_wconf 74' lang='lat' dir='ltr'><strong>quadrayesimo</strong></span> <span class='ocrx_word' id='word_1_137' title='bbox 659 1348 854 1399; x_wconf 72' lang='lat' dir='ltr'><strong>coepisse.</strong></span> 
     </span>
    </p>

    <p class='ocr_par' dir='ltr' id='par_1_3' title="bbox 306 1420 1917 1541">
     <span class='ocr_line' id='line_1_17' title="bbox 418 1420 1917 1476; baseline 0.003 -15"><span class='ocrx_word' id='word_1_138' title='bbox 418 1420 563 1468; x_wconf 83' lang='lat' dir='ltr'><strong>Restat,</strong></span> <span class='ocrx_word' id='word_1_139' title='bbox 593 1423 636 1461; x_wconf 91' lang='lat' dir='ltr'><strong>ut</strong></span> <span class='ocrx_word' id='word_1_140' title='bbox 666 1421 730 1461; x_wconf 91' lang='lat' dir='ltr'><strong>hic</strong></span> <span class='ocrx_word' id='word_1_141' title='bbox 761 1423 809 1462; x_wconf 91' lang='lat' dir='ltr'><strong>de</strong></span> <span class='ocrx_word' id='word_1_142' title='bbox 829 1423 1000 1474; x_wconf 84' lang='lat' dir='ltr'><strong>antiquis</strong></span> <span class='ocrx_word' id='word_1_143' title='bbox 1022 1424 1275 1463; x_wconf 81' lang='lat' dir='ltr'><strong>Anacreontis</strong></span> <span class='ocrx_word' id='word_1_144' title='bbox 1297 1424 1513 1464; x_wconf 86' lang='lat' dir='ltr'><strong>carminum</strong></span> <span class='ocrx_word' id='word_1_145' title='bbox 1533 1424 1770 1465; x_wconf 85' lang='lat' dir='ltr'><strong>editionibus</strong></span> <span class='ocrx_word' id='word_1_146' title='bbox 1789 1435 1917 1476; x_wconf 85' lang='lat' dir='ltr'><strong>pauca</strong></span> 
     </span>
     <span class='ocr_line' id='line_1_18' title="bbox 306 1496 1105 1541; baseline 0.008 -6"><span class='ocrx_word' id='word_1_147' title='bbox 306 1496 459 1535; x_wconf 86' lang='lat' dir='ltr'><strong>addam.</strong></span> <span class='ocrx_word' id='word_1_148' title='bbox 1102 1539 1105 1541; x_wconf 83' lang='lat'>.</span> 
     </span>
    </p>

    <p class='ocr_par' dir='ltr' id='par_1_4' title="bbox 299 1569 1923 2519">
     <span class='ocr_line' id='line_1_19' title="bbox 419 1569 1920 1623; baseline 0.003 -13"><span class='ocrx_word' id='word_1_149' title='bbox 419 1569 658 1622; x_wconf 82' lang='lat' dir='ltr'><strong>Hephaestio</strong></span> <span class='ocrx_word' id='word_1_150' title='bbox 699 1572 740 1610; x_wconf 89' lang='lat' dir='ltr'><strong>in</strong></span> <span class='ocrx_word' id='word_1_151' title='bbox 781 1583 824 1611; x_wconf 90' lang='lat' dir='ltr'><strong>eo</strong></span> <span class='ocrx_word' id='word_1_152' title='bbox 866 1571 991 1611; x_wconf 88' lang='lat' dir='ltr'><strong>libelli</strong></span> <span class='ocrx_word' id='word_1_153' title='bbox 1032 1570 1127 1623; x_wconf 90' lang='lat' dir='ltr'><strong>loco,</strong></span> <span class='ocrx_word' id='word_1_154' title='bbox 1168 1572 1207 1611; x_wconf 93' lang='lat' dir='ltr'><strong>in</strong></span> <span class='ocrx_word' id='word_1_155' title='bbox 1249 1582 1324 1623; x_wconf 88' lang='lat' dir='ltr'><strong>quo</strong></span> <span class='ocrx_word' id='word_1_156' title='bbox 1365 1572 1411 1611; x_wconf 89' lang='lat' dir='ltr'><strong>de</strong></span> <span class='ocrx_word' id='word_1_157' title='bbox 1443 1573 1697 1613; x_wconf 87' lang='lat' dir='ltr'><strong>Anacreontis</strong></span> <span class='ocrx_word' id='word_1_158' title='bbox 1735 1574 1920 1614; x_wconf 85' lang='lat' dir='ltr'><strong>carminis</strong></span> 
     </span>
     <span class='ocr_line' id='line_1_20' title="bbox 305 1644 1919 1698; baseline 0.002 -14"><span class='ocrx_word' id='word_1_159' title='bbox 305 1645 420 1696; x_wconf 89' lang='lat' dir='ltr'><strong>primi</strong></span> <span class='ocrx_word' id='word_1_160' title='bbox 459 1645 731 1685; x_wconf 87' lang='lat' dir='ltr'><strong>distributione</strong></span> <span class='ocrx_word' id='word_1_161' title='bbox 779 1645 975 1697; x_wconf 87' lang='lat' dir='ltr'><strong>strophica</strong></span> <span class='ocrx_word' id='word_1_162' title='bbox 1015 1645 1196 1698; x_wconf 89' lang='lat' dir='ltr'><strong>loquitur,</strong></span> <span class='ocrx_word' id='word_1_163' title='bbox 1236 1645 1333 1686; x_wconf 90' lang='lat' dir='ltr'><strong>haec</strong></span> <span class='ocrx_word' id='word_1_164' title='bbox 1376 1646 1470 1686; x_wconf 87' lang='lat' dir='ltr'><strong>dicit</strong></span> <span class='ocrx_word' id='word_1_165' title='bbox 1499 1644 1554 1698; x_wconf 85' lang='lat' dir='ltr'><strong>(p.</strong></span> <span class='ocrx_word' id='word_1_166' title='bbox 1586 1646 1638 1687; x_wconf 80' lang='lat'><strong>70</strong></span> <span class='ocrx_word' id='word_1_167' title='bbox 1659 1646 1764 1698; x_wconf 87' lang='lat' dir='ltr'>W.):</span> <span class='ocrx_word' id='word_1_168' title='bbox 1806 1644 1919 1688; x_wconf 79' lang='grc' dir='ltr'><strong><em>κατὰ</em></strong></span> 
     </span>
     <span class='ocr_line' id='line_1_21' title="bbox 303 1712 1919 1775; baseline 0.002 -16"><span class='ocrx_word' id='word_1_169' title='bbox 303 1715 384 1771; x_wconf 77' lang='grc' dir='ltr'><strong>μὲν</strong></span> <span class='ocrx_word' id='word_1_170' title='bbox 413 1715 493 1774; x_wconf 80' lang='grc' dir='ltr'><strong>γὰρ</strong></span> <span class='ocrx_word' id='word_1_171' title='bbox 525 1716 600 1774; x_wconf 77' lang='grc' dir='ltr'><strong><em>τὴν</em></strong></span> <span class='ocrx_word' id='word_1_172' title='bbox 622 1720 692 1760; x_wconf 77' lang='grc' dir='ltr'><strong>νῦν</strong></span> <span class='ocrx_word' id='word_1_173' title='bbox 725 1714 902 1760; x_wconf 72' lang='grc' dir='ltr'><strong><em>ἔκδοσιν</em></strong></span> <span class='ocrx_word' id='word_1_174' title='bbox 922 1712 1174 1768; x_wconf 82' lang='grc' dir='ltr'><strong><em>ὀκτάκωλός</em></strong></span> <span class='ocrx_word' id='word_1_175' title='bbox 1193 1719 1232 1771; x_wconf 89' lang='lat'><strong>⁷)</strong></span> <span class='ocrx_word' id='word_1_176' title='bbox 1265 1715 1384 1759; x_wconf 78' lang='grc' dir='ltr'><strong><em>ἐστιν</em></strong></span> <span class='ocrx_word' id='word_1_177' title='bbox 1415 1714 1641 1775; x_wconf 70' lang='grc' dir='ltr'><strong><em>ἡστροφή,</em></strong></span> <span class='ocrx_word' id='word_1_178' title='bbox 1674 1718 1765 1762; x_wconf 80' lang='grc' dir='ltr'><strong><em>κτλ.</em></strong></span> <span class='ocrx_word' id='word_1_179' title='bbox 1805 1721 1919 1763; x_wconf 82' lang='lat' dir='ltr'><strong>Duae</strong></span> 
     </span>
     <span class='ocr_line' id='line_1_22' title="bbox 303 1794 1920 1846; baseline 0.002 -13"><span class='ocrx_word' id='word_1_180' title='bbox 303 1794 425 1844; x_wconf 86' lang='lat' dir='ltr'><strong>igitur</strong></span> <span class='ocrx_word' id='word_1_181' title='bbox 469 1795 685 1834; x_wconf 87' lang='lat' dir='ltr'><strong>carminum</strong></span> <span class='ocrx_word' id='word_1_182' title='bbox 727 1795 972 1834; x_wconf 87' lang='lat' dir='ltr'><strong>recensiones</strong></span> <span class='ocrx_word' id='word_1_183' title='bbox 1023 1795 1197 1841; x_wconf 86' lang='lat' dir='ltr'><strong>suerunt,</strong></span> <span class='ocrx_word' id='word_1_184' title='bbox 1244 1805 1342 1846; x_wconf 91' lang='lat' dir='ltr'><strong>quae</strong></span> <span class='ocrx_word' id='word_1_185' title='bbox 1387 1795 1551 1834; x_wconf 84' lang='lat' dir='ltr'><strong>diversis</strong></span> <span class='ocrx_word' id='word_1_186' title='bbox 1597 1796 1836 1846; x_wconf 83' lang='lat' dir='ltr'><strong>temporibus</strong></span> <span class='ocrx_word' id='word_1_187' title='bbox 1878 1797 1920 1837; x_wconf 91' lang='lat' dir='ltr'><strong>iu</strong></span> 
     </span>
     <span class='ocr_line' id='line_1_23' title="bbox 305 1864 1919 1929; baseline 0.002 -22"><span class='ocrx_word' id='word_1_188' title='bbox 305 1879 379 1907; x_wconf 90' lang='lat' dir='ltr'><strong>usu</strong></span> <span class='ocrx_word' id='word_1_189' title='bbox 424 1867 544 1908; x_wconf 74' lang='lat' dir='ltr'><strong>fuisse</strong></span> <span class='ocrx_word' id='word_1_190' title='bbox 590 1869 782 1909; x_wconf 86' lang='lat' dir='ltr'><strong>videntur.</strong></span> <span class='ocrx_word' id='word_1_191' title='bbox 832 1871 959 1920; x_wconf 87' lang='lat' dir='ltr'><strong>Atque</strong></span> <span class='ocrx_word' id='word_1_192' title='bbox 1001 1868 1134 1921; x_wconf 86' lang='lat' dir='ltr'><strong>Bergk</strong></span> <span class='ocrx_word' id='word_1_193' title='bbox 1175 1869 1343 1920; x_wconf 89' lang='lat' dir='ltr'><strong>quidem,</strong></span> <span class='ocrx_word' id='word_1_194' title='bbox 1391 1880 1479 1909; x_wconf 90' lang='lat' dir='ltr'><strong>cum</strong></span> <span class='ocrx_word' id='word_1_195' title='bbox 1519 1864 1594 1924; x_wconf 68' lang='grc' dir='ltr'><strong><em>τὴν</em></strong></span> <span class='ocrx_word' id='word_1_196' title='bbox 1632 1869 1705 1929; x_wconf 59' lang='grc' dir='ltr'><strong><em>νῦιι</em></strong></span> <span class='ocrx_word' id='word_1_197' title='bbox 1745 1864 1919 1911; x_wconf 77' lang='grc' dir='ltr'><strong><em>ἔκδοσιν</em></strong></span> 
     </span>
     <span class='ocr_line' id='line_1_24' title="bbox 303 1941 1922 1996; baseline 0.002 -15"><span class='ocrx_word' id='word_1_198' title='bbox 303 1942 594 1983; x_wconf 87' lang='lat' dir='ltr'><strong>Aristarcheam</strong></span> <span class='ocrx_word' id='word_1_199' title='bbox 635 1955 721 1984; x_wconf 87' lang='lat' dir='ltr'><strong>esse</strong></span> <span class='ocrx_word' id='word_1_200' title='bbox 750 1955 980 1995; x_wconf 87' lang='lat' dir='ltr'><strong>persuasum</strong></span> <span class='ocrx_word' id='word_1_201' title='bbox 1010 1943 1172 1984; x_wconf 89' lang='lat' dir='ltr'><strong>haberet</strong></span> <span class='ocrx_word' id='word_1_202' title='bbox 1201 1944 1356 1993; x_wconf 85' lang='lat' dir='ltr'><strong>(Anacr.</strong></span> <span class='ocrx_word' id='word_1_203' title='bbox 1387 1955 1424 1995; x_wconf 91' lang='lat' dir='ltr'><strong>p.</strong></span> <span class='ocrx_word' id='word_1_204' title='bbox 1456 1941 1540 1996; x_wconf 80' lang='lat'>26).</span> <span class='ocrx_word' id='word_1_205' title='bbox 1577 1955 1661 1984; x_wconf 91' lang='lat' dir='ltr'><strong>eam</strong></span> <span class='ocrx_word' id='word_1_206' title='bbox 1692 1945 1741 1984; x_wconf 88' lang='lat' dir='ltr'><strong>ab</strong></span> <span class='ocrx_word' id='word_1_207' title='bbox 1771 1944 1922 1985; x_wconf 84' lang='lat' dir='ltr'><strong>Aristo-</strong></span> 
     </span>
     <span class='ocr_line' id='line_1_25' title="bbox 303 2015 1919 2070; baseline 0.002 -15"><span class='ocrx_word' id='word_1_208' title='bbox 303 2015 458 2067; x_wconf 81' lang='lat' dir='ltr'><strong>phanea</strong></span> <span class='ocrx_word' id='word_1_209' title='bbox 499 2018 793 2058; x_wconf 88' lang='lat' dir='ltr'><strong>discernendam</strong></span> <span class='ocrx_word' id='word_1_210' title='bbox 835 2029 921 2058; x_wconf 91' lang='lat' dir='ltr'><strong>esse</strong></span> <span class='ocrx_word' id='word_1_211' title='bbox 950 2018 1110 2069; x_wconf 86' lang='lat' dir='ltr'><strong>putavit.</strong></span> <span class='ocrx_word' id='word_1_212' title='bbox 1169 2018 1230 2057; x_wconf 83' lang='lat' dir='ltr'><strong>Ita</strong></span> <span class='ocrx_word' id='word_1_213' title='bbox 1271 2028 1358 2057; x_wconf 89' lang='lat' dir='ltr'><strong>osse</strong></span> <span class='ocrx_word' id='word_1_214' title='bbox 1401 2029 1446 2057; x_wconf 82' lang='lat' dir='ltr'><strong>ex</strong></span> <span class='ocrx_word' id='word_1_215' title='bbox 1485 2018 1536 2057; x_wconf 91' lang='lat' dir='ltr'><strong>iis</strong></span> <span class='ocrx_word' id='word_1_216' title='bbox 1576 2017 1777 2064; x_wconf 85' lang='lat' dir='ltr'><strong>conclusit.</strong></span> <span class='ocrx_word' id='word_1_217' title='bbox 1817 2029 1919 2070; x_wconf 83' lang='lat' dir='ltr'><strong>quae</strong></span> 
     </span>
     <span class='ocr_line' id='line_1_26' title="bbox 303 2087 1920 2142; baseline 0.001 -12"><span class='ocrx_word' id='word_1_218' title='bbox 303 2089 542 2142; x_wconf 87' lang='lat' dir='ltr'><strong>Hephaestio</strong></span> <span class='ocrx_word' id='word_1_219' title='bbox 581 2092 627 2132; x_wconf 90' lang='lat' dir='ltr'><strong>de</strong></span> <span class='ocrx_word' id='word_1_220' title='bbox 666 2092 799 2132; x_wconf 86' lang='lat' dir='ltr'><strong>Alcaei</strong></span> <span class='ocrx_word' id='word_1_221' title='bbox 840 2092 1134 2132; x_wconf 90' lang='lat' dir='ltr'><strong>recensionibus</strong></span> <span class='ocrx_word' id='word_1_222' title='bbox 1175 2092 1271 2131; x_wconf 86' lang='lat' dir='ltr'><strong>dixit</strong></span> <span class='ocrx_word' id='word_1_223' title='bbox 1315 2091 1368 2142; x_wconf 90' lang='lat' dir='ltr'><strong>(p.</strong></span> <span class='ocrx_word' id='word_1_224' title='bbox 1401 2091 1453 2131; x_wconf 82' lang='lat'><strong>75</strong></span> <span class='ocrx_word' id='word_1_225' title='bbox 1486 2091 1586 2142; x_wconf 90' lang='lat' dir='ltr'>W.):</span> <span class='ocrx_word' id='word_1_226' title='bbox 1628 2087 1705 2132; x_wconf 78' lang='grc' dir='ltr'><strong>ἐπὶ</strong></span> <span class='ocrx_word' id='word_1_227' title='bbox 1745 2088 1794 2132; x_wconf 81' lang='grc' dir='ltr'><strong>δὲ</strong></span> <span class='ocrx_word' id='word_1_228' title='bbox 1833 2090 1920 2133; x_wconf 81' lang='grc' dir='ltr'><strong><em>τῶν</em></strong></span> 
     </span>
     <span class='ocr_line' id='line_1_27' title="bbox 299 2157 1918 2221; baseline 0.001 -17"><span class='ocrx_word' id='word_1_229' title='bbox 299 2157 508 2206; x_wconf 77' lang='grc' dir='ltr'><strong><em>Ἀλκαίου</em></strong></span> <span class='ocrx_word' id='word_1_230' title='bbox 529 2161 664 2216; x_wconf 79' lang='grc' dir='ltr'><strong><em>ἰδίως,</em></strong></span> <span class='ocrx_word' id='word_1_231' title='bbox 685 2163 796 2207; x_wconf 81' lang='grc' dir='ltr'><strong><em>κατὰ</em></strong></span> <span class='ocrx_word' id='word_1_232' title='bbox 817 2163 897 2219; x_wconf 80' lang='grc' dir='ltr'><strong>μὲν</strong></span> <span class='ocrx_word' id='word_1_233' title='bbox 918 2162 994 2221; x_wconf 85' lang='grc' dir='ltr'><strong>τὴν</strong></span> <span class='ocrx_word' id='word_1_234' title='bbox 1010 2159 1374 2220; x_wconf 79' lang='grc' dir='ltr'><em>Ἀριστοφάνειον</em></span> <span class='ocrx_word' id='word_1_235' title='bbox 1394 2160 1585 2218; x_wconf 79' lang='grc' dir='ltr'><strong><em>ἔκδοσιν,</em></strong></span> <span class='ocrx_word' id='word_1_236' title='bbox 1617 2159 1641 2205; x_wconf 81' lang='grc' dir='ltr'><em>ὃ</em></span> <span class='ocrx_word' id='word_1_237' title='bbox 1662 2158 1918 2221; x_wconf 78' lang='grc' dir='ltr'><strong><em>ἀστερίσκος</em></strong></span> 
     </span>
     <span class='ocr_line' id='line_1_28' title="bbox 305 2233 1918 2295; baseline 0.001 -15"><span class='ocrx_word' id='word_1_238' title='bbox 305 2236 382 2280; x_wconf 75' lang='grc' dir='ltr'><strong>ἐπὶ</strong></span> <span class='ocrx_word' id='word_1_239' title='bbox 403 2235 704 2295; x_wconf 71' lang='grc' dir='ltr'><strong><em>ἓτέρομετριάς</em></strong></span> <span class='ocrx_word' id='word_1_240' title='bbox 725 2236 900 2281; x_wconf 73' lang='grc' dir='ltr'><strong><em>ἐτίθετο</em></strong></span> <span class='ocrx_word' id='word_1_241' title='bbox 924 2235 1078 2295; x_wconf 81' lang='grc' dir='ltr'><strong><em>μόνης·</em></strong></span> <span class='ocrx_word' id='word_1_242' title='bbox 1100 2236 1211 2281; x_wconf 82' lang='grc' dir='ltr'><strong><em>κατὰ</em></strong></span> <span class='ocrx_word' id='word_1_243' title='bbox 1231 2236 1280 2281; x_wconf 77' lang='grc' dir='ltr'><strong>δὲ</strong></span> <span class='ocrx_word' id='word_1_244' title='bbox 1301 2236 1375 2295; x_wconf 73' lang='grc' dir='ltr'><strong><em>τὴν</em></strong></span> <span class='ocrx_word' id='word_1_245' title='bbox 1396 2240 1467 2279; x_wconf 77' lang='grc' dir='ltr'><strong>νῦν</strong></span> <span class='ocrx_word' id='word_1_246' title='bbox 1488 2236 1562 2294; x_wconf 63' lang='grc' dir='ltr'><strong><em>τὴν</em></strong></span> <span class='ocrx_word' id='word_1_247' title='bbox 1577 2233 1918 2295; x_wconf 74' lang='grc' dir='ltr'><strong><em>Ἀριστάρχειον,</em></strong></span> 
     </span>
     <span class='ocr_line' id='line_1_29' title="bbox 309 2310 1923 2370; baseline 0.001 -16"><span class='ocrx_word' id='word_1_248' title='bbox 309 2310 383 2355; x_wconf 79' lang='grc' dir='ltr'><strong><em>καὶ</em></strong></span> <span class='ocrx_word' id='word_1_249' title='bbox 417 2310 492 2355; x_wconf 75' lang='grc' dir='ltr'><strong>ἐπὶ</strong></span> <span class='ocrx_word' id='word_1_250' title='bbox 535 2311 791 2370; x_wconf 75' lang='grc' dir='ltr'><strong><em>ποιημάτιον</em></strong></span> <span class='ocrx_word' id='word_1_251' title='bbox 832 2313 1087 2369; x_wconf 72' lang='grc' dir='ltr'><strong><em>μεταβολῆς.</em></strong></span> <span class='ocrx_word' id='word_1_252' title='bbox 1148 2314 1223 2356; x_wconf 90' lang='lat' dir='ltr'><strong>Sed</strong></span> <span class='ocrx_word' id='word_1_253' title='bbox 1264 2315 1319 2354; x_wconf 88' lang='lat' dir='ltr'><strong>ibi</strong></span> <span class='ocrx_word' id='word_1_254' title='bbox 1359 2315 1574 2354; x_wconf 87' lang='lat' dir='ltr'><strong>recensioni</strong></span> <span class='ocrx_word' id='word_1_255' title='bbox 1615 2313 1923 2366; x_wconf 82' lang='lat' dir='ltr'><strong>Aristophaneae</strong></span> 
     </span>
     <span class='ocr_line' id='line_1_30' title="bbox 308 2382 1922 2445; baseline 0.001 -17"><span class='ocrx_word' id='word_1_256' title='bbox 308 2390 516 2441; x_wconf 88' lang='lat' dir='ltr'><strong>opponitur</strong></span> <span class='ocrx_word' id='word_1_257' title='bbox 558 2384 580 2444; x_wconf 72' lang='grc' dir='ltr'>ᾗ</span> <span class='ocrx_word' id='word_1_258' title='bbox 625 2387 700 2430; x_wconf 81' lang='grc' dir='ltr'><strong>νῦν</strong></span> <span class='ocrx_word' id='word_1_259' title='bbox 736 2385 911 2438; x_wconf 77' lang='grc' dir='ltr'><strong><em>ἔκδυσις</em></strong></span> <span class='ocrx_word' id='word_1_260' title='bbox 955 2384 980 2444; x_wconf 72' lang='grc' dir='ltr'>ἡ</span> <span class='ocrx_word' id='word_1_261' title='bbox 1022 2382 1371 2445; x_wconf 71' lang='grc' dir='ltr'><strong><em>Ἀριστάρχειοςε</em></strong></span> <span class='ocrx_word' id='word_1_262' title='bbox 1417 2390 1547 2440; x_wconf 79' lang='lat' dir='ltr'><strong>itaque</strong></span> <span class='ocrx_word' id='word_1_263' title='bbox 1593 2400 1681 2428; x_wconf 89' lang='lat' dir='ltr'><strong>cum</strong></span> <span class='ocrx_word' id='word_1_264' title='bbox 1726 2387 1799 2428; x_wconf 91' lang='lat' dir='ltr'><strong>hoc</strong></span> <span class='ocrx_word' id='word_1_265' title='bbox 1840 2388 1922 2429; x_wconf 88' lang='lat' dir='ltr'><strong>loco</strong></span> 
     </span>
     <span class='ocr_line' id='line_1_31' title="bbox 306 2456 1921 2519; baseline 0 -16"><span class='ocrx_word' id='word_1_266' title='bbox 306 2463 546 2514; x_wconf 88' lang='lat' dir='ltr'><strong>Hephaestio</strong></span> <span class='ocrx_word' id='word_1_267' title='bbox 586 2465 714 2504; x_wconf 89' lang='lat' dir='ltr'><strong>verbis</strong></span> <span class='ocrx_word' id='word_1_268' title='bbox 753 2460 828 2519; x_wconf 80' lang='grc' dir='ltr'><strong><em>τὴν</em></strong></span> <span class='ocrx_word' id='word_1_269' title='bbox 858 2464 930 2504; x_wconf 83' lang='grc' dir='ltr'><strong>νῦν</strong></span> <span class='ocrx_word' id='word_1_270' title='bbox 970 2465 1088 2505; x_wconf 89' lang='lat' dir='ltr'><strong>addat</strong></span> <span class='ocrx_word' id='word_1_271' title='bbox 1117 2460 1192 2519; x_wconf 73' lang='grc' dir='ltr'><strong><em>τὴν</em></strong></span> <span class='ocrx_word' id='word_1_272' title='bbox 1215 2456 1557 2517; x_wconf 71' lang='grc' dir='ltr'><strong><em>Ἀριστάρχειον,</em></strong></span> <span class='ocrx_word' id='word_1_273' title='bbox 1594 2463 1692 2503; x_wconf 89' lang='lat' dir='ltr'><strong>haec</strong></span> <span class='ocrx_word' id='word_1_274' title='bbox 1723 2464 1921 2503; x_wconf 84' lang='lat' dir='ltr'><strong>distinctio</strong></span> 
     </span>
    </p>
   </div>
   <div class='ocr_carea' id='block_1_3' title="bbox 312 2542 579 2548">
    <p class='ocr_par' dir='ltr' id='par_1_5' title="bbox 312 2542 579 2548">
     <span class='ocr_line' id='line_1_32' title="bbox 312 2542 579 2548; baseline 0 0"><span class='ocrx_word' id='word_1_275' title='bbox 312 2542 579 2548; x_wconf 95' lang='lat' dir='ltr'><strong> </strong></span> 
     </span>
    </p>
   </div>
   <div class='ocr_carea' id='block_1_4' title="bbox 307 2571 1921 2963">
    <p class='ocr_par' dir='ltr' id='par_1_6' title="bbox 307 2571 1921 2963">
     <span class='ocr_line' id='line_1_33' title="bbox 309 2571 1919 2621; baseline 0.002 -14"><span class='ocrx_word' id='word_1_276' title='bbox 309 2577 412 2608; x_wconf 83' lang='lat' dir='ltr'><strong>utitur</strong></span> <span class='ocrx_word' id='word_1_277' title='bbox 436 2578 514 2608; x_wconf 81' lang='lat' dir='ltr'><strong>Her.</strong></span> <span class='ocrx_word' id='word_1_278' title='bbox 540 2578 586 2609; x_wconf 80' lang='lat' dir='ltr'><strong>IV</strong></span> <span class='ocrx_word' id='word_1_279' title='bbox 608 2580 669 2609; x_wconf 78' lang='lat'><strong>117</strong></span> <span class='ocrx_word' id='word_1_280' title='bbox 696 2578 794 2621; x_wconf 84' lang='grc' dir='ltr'><strong>φωνῇ</strong></span> <span class='ocrx_word' id='word_1_281' title='bbox 815 2575 854 2612; x_wconf 84' lang='grc' dir='ltr'><strong>δὲ</strong></span> <span class='ocrx_word' id='word_1_282' title='bbox 879 2576 909 2611; x_wconf 85' lang='grc' dir='ltr'><strong><em>οἱ</em></strong></span> <span class='ocrx_word' id='word_1_283' title='bbox 933 2575 1157 2620; x_wconf 82' lang='grc' dir='ltr'><strong><em>Σαυρομάται</em></strong></span> <span class='ocrx_word' id='word_1_284' title='bbox 1181 2574 1352 2619; x_wconf 80' lang='grc' dir='ltr'><strong><em>νομίζουσι</em></strong></span> <span class='ocrx_word' id='word_1_285' title='bbox 1367 2574 1542 2619; x_wconf 59' lang='grc' dir='ltr'><strong>Σκυθικῇ,</strong></span> <span class='ocrx_word' id='word_1_286' title='bbox 1567 2574 1807 2616; x_wconf 71' lang='grc' dir='ltr'><strong><em>σολοικίζοντες</em></strong></span> <span class='ocrx_word' id='word_1_287' title='bbox 1829 2571 1919 2620; x_wconf 69' lang='grc' dir='ltr'><strong><em>αὐτῇ</em></strong></span> 
     </span>
     <span class='ocr_line' id='line_1_34' title="bbox 307 2624 1919 2679; baseline -0.001 -12"><span class='ocrx_word' id='word_1_288' title='bbox 307 2629 374 2667; x_wconf 66' lang='lat' dir='ltr'><strong>dito</strong></span> <span class='ocrx_word' id='word_1_289' title='bbox 400 2633 459 2667; x_wconf 82' lang='grc' dir='ltr'><strong>τοῦ</strong></span> <span class='ocrx_word' id='word_1_290' title='bbox 484 2629 638 2678; x_wconf 75' lang='grc' dir='ltr'><strong><em>ἀρχαίου,</em></strong></span> <span class='ocrx_word' id='word_1_291' title='bbox 662 2632 736 2667; x_wconf 77' lang='grc' dir='ltr'>ἐπεὶ</span> <span class='ocrx_word' id='word_1_292' title='bbox 760 2630 800 2669; x_wconf 83' lang='grc' dir='ltr'><strong><em>ου’</em></strong></span> <span class='ocrx_word' id='word_1_293' title='bbox 826 2633 987 2679; x_wconf 81' lang='grc' dir='ltr'><strong><em>χρηστῶς</em></strong></span> <span class='ocrx_word' id='word_1_294' title='bbox 1011 2624 1179 2676; x_wconf 60' lang='grc' dir='ltr'><strong>ἑξέμαῇον’</strong></span> <span class='ocrx_word' id='word_1_295' title='bbox 1201 2630 1308 2675; x_wconf 73' lang='grc' dir='ltr'><strong><em>αὐτὴν</em></strong></span> <span class='ocrx_word' id='word_1_296' title='bbox 1333 2631 1368 2666; x_wconf 85' lang='grc' dir='ltr'><strong><em>αἱ</em></strong></span> <span class='ocrx_word' id='word_1_297' title='bbox 1390 2628 1586 2674; x_wconf 79' lang='grc' dir='ltr'><strong><em>’Δμοὶζονες.</em></strong></span> <span class='ocrx_word' id='word_1_298' title='bbox 1634 2632 1685 2664; x_wconf 84' lang='lat' dir='ltr'><strong>Cf.</strong></span> <span class='ocrx_word' id='word_1_299' title='bbox 1703 2633 1785 2666; x_wconf 82' lang='lat' dir='ltr'><strong>Hes.</strong></span> <span class='ocrx_word' id='word_1_300' title='bbox 1810 2632 1919 2666; x_wconf 82' lang='grc' dir='ltr'><strong><em>σολοι-</em></strong></span> 
     </span>
     <span class='ocr_line' id='line_1_35' title="bbox 310 2686 1893 2736; baseline 0.001 -13"><span class='ocrx_word' id='word_1_301' title='bbox 310 2689 456 2732; x_wconf 79' lang='grc' dir='ltr'><strong><em>κισμός·</em></strong></span> <span class='ocrx_word' id='word_1_302' title='bbox 485 2686 543 2724; x_wconf 77' lang='grc' dir='ltr'><strong><em>ὅτε</em></strong></span> <span class='ocrx_word' id='word_1_303' title='bbox 567 2702 618 2730; x_wconf 88' lang='grc' dir='ltr'><strong>τις</strong></span> <span class='ocrx_word' id='word_1_304' title='bbox 642 2687 793 2736; x_wconf 73' lang='grc' dir='ltr'><strong><em>ἀτέχνως</em></strong></span> <span class='ocrx_word' id='word_1_305' title='bbox 817 2691 1018 2735; x_wconf 81' lang='grc' dir='ltr'><strong><em>διαλέγεται.</em></strong></span> <span class='ocrx_word' id='word_1_306' title='bbox 1890 2729 1893 2733; x_wconf 21' lang='grc' dir='ltr'><em>Α</em></span> 
     </span>
     <span class='ocr_line' id='line_1_36' title="bbox 403 2746 1921 2790; baseline 0 -12"><span class='ocrx_word' id='word_1_307' title='bbox 403 2749 435 2789; x_wconf 81' lang='grc'><strong>7)</strong></span> <span class='ocrx_word' id='word_1_308' title='bbox 461 2749 543 2781; x_wconf 88' lang='lat' dir='ltr'><strong>Cum</strong></span> <span class='ocrx_word' id='word_1_309' title='bbox 581 2749 643 2780; x_wconf 82' lang='lat' dir='ltr'><strong>hac</strong></span> <span class='ocrx_word' id='word_1_310' title='bbox 678 2751 835 2782; x_wconf 77' lang='lat' dir='ltr'><strong>carminis</strong></span> <span class='ocrx_word' id='word_1_311' title='bbox 871 2750 1100 2782; x_wconf 82' lang='lat' dir='ltr'><strong>distributione</strong></span> <span class='ocrx_word' id='word_1_312' title='bbox 1136 2749 1312 2781; x_wconf 74' lang='lat' dir='ltr'><strong>cohaerere</strong></span> <span class='ocrx_word' id='word_1_313' title='bbox 1350 2748 1526 2780; x_wconf 80' lang='lat' dir='ltr'><strong>lectionem</strong></span> <span class='ocrx_word' id='word_1_314' title='bbox 1560 2746 1688 2790; x_wconf 64' lang='grc' dir='ltr'><strong>Ξηρίων</strong></span> <span class='ocrx_word' id='word_1_315' title='bbox 1713 2758 1745 2779; x_wconf 74' lang='lat' dir='ltr'><strong>v,</strong></span> <span class='ocrx_word' id='word_1_316' title='bbox 1771 2749 1804 2787; x_wconf 75' lang='lat'><strong>3,</strong></span> <span class='ocrx_word' id='word_1_317' title='bbox 1836 2757 1921 2788; x_wconf 76' lang='lat' dir='ltr'><strong>quae</strong></span> 
     </span>
     <span class='ocr_line' id='line_1_37' title="bbox 308 2803 1920 2848; baseline 0.001 -12"><span class='ocrx_word' id='word_1_318' title='bbox 308 2806 428 2837; x_wconf 76' lang='lat' dir='ltr'><strong>tradita</strong></span> <span class='ocrx_word' id='word_1_319' title='bbox 451 2810 501 2837; x_wconf 87' lang='lat' dir='ltr'><strong>est</strong></span> <span class='ocrx_word' id='word_1_320' title='bbox 517 2807 604 2846; x_wconf 83' lang='lat' dir='ltr'><strong>apud</strong></span> <span class='ocrx_word' id='word_1_321' title='bbox 620 2817 822 2848; x_wconf 83' lang='lat' dir='ltr'><strong>anonymum</strong></span> <span class='ocrx_word' id='word_1_322' title='bbox 839 2808 1095 2839; x_wconf 82' lang='lat' dir='ltr'><strong>Ambrosianum</strong></span> <span class='ocrx_word' id='word_1_323' title='bbox 1114 2808 1279 2847; x_wconf 82' lang='lat' dir='ltr'><strong>quendam</strong></span> <span class='ocrx_word' id='word_1_324' title='bbox 1296 2806 1433 2845; x_wconf 80' lang='lat' dir='ltr'><strong>(Aneed.</strong></span> <span class='ocrx_word' id='word_1_325' title='bbox 1453 2806 1547 2836; x_wconf 74' lang='lat' dir='ltr'><strong>varia</strong></span> <span class='ocrx_word' id='word_1_326' title='bbox 1564 2815 1610 2845; x_wconf 88' lang='lat' dir='ltr'><strong>gr.</strong></span> <span class='ocrx_word' id='word_1_327' title='bbox 1630 2806 1643 2835; x_wconf 93' lang='lat'>1</span> <span class='ocrx_word' id='word_1_328' title='bbox 1663 2806 1729 2838; x_wconf 79' lang='lat'><strong>230</strong></span> <span class='ocrx_word' id='word_1_329' title='bbox 1747 2803 1920 2843; x_wconf 66' lang='lat' dir='ltr'><strong>stadem),</strong></span> 
     </span>
     <span class='ocr_line' id='line_1_38' title="bbox 308 2861 1919 2904; baseline -0.001 -10"><span class='ocrx_word' id='word_1_330' title='bbox 308 2863 545 2895; x_wconf 81' lang='lat' dir='ltr'><strong>animadvertit</strong></span> <span class='ocrx_word' id='word_1_331' title='bbox 567 2865 690 2904; x_wconf 80' lang='lat' dir='ltr'><strong>Bergk.</strong></span> <span class='ocrx_word' id='word_1_332' title='bbox 716 2865 856 2897; x_wconf 81' lang='lat' dir='ltr'><strong>Carmen</strong></span> <span class='ocrx_word' id='word_1_333' title='bbox 884 2875 962 2896; x_wconf 87' lang='lat' dir='ltr'><strong>num</strong></span> <span class='ocrx_word' id='word_1_334' title='bbox 990 2865 1153 2904; x_wconf 76' lang='lat' dir='ltr'><strong>integrum</strong></span> <span class='ocrx_word' id='word_1_335' title='bbox 1177 2864 1220 2895; x_wconf 82' lang='lat' dir='ltr'><strong>sit</strong></span> <span class='ocrx_word' id='word_1_336' title='bbox 1244 2874 1309 2895; x_wconf 91' lang='lat' dir='ltr'><strong>non</strong></span> <span class='ocrx_word' id='word_1_337' title='bbox 1335 2867 1474 2899; x_wconf 73' lang='lat' dir='ltr'><strong>constat,</strong></span> <span class='ocrx_word' id='word_1_338' title='bbox 1500 2863 1575 2902; x_wconf 87' lang='lat' dir='ltr'><strong>quia</strong></span> <span class='ocrx_word' id='word_1_339' title='bbox 1599 2863 1740 2894; x_wconf 75' lang='lat' dir='ltr'><strong>sortasse</strong></span> <span class='ocrx_word' id='word_1_340' title='bbox 1763 2861 1861 2893; x_wconf 77' lang='lat' dir='ltr'><strong>etiam</strong></span> <span class='ocrx_word' id='word_1_341' title='bbox 1884 2861 1919 2892; x_wconf 87' lang='lat' dir='ltr'><strong>in</strong></span> 
     </span>
     <span class='ocr_line' id='line_1_39' title="bbox 310 2920 1849 2963; baseline -0.001 -12"><span class='ocrx_word' id='word_1_342' title='bbox 310 2921 467 2960; x_wconf 83' lang='lat' dir='ltr'><strong>proximis</strong></span> <span class='ocrx_word' id='word_1_343' title='bbox 493 2921 644 2954; x_wconf 85' lang='lat' dir='ltr'><strong>similiter</strong></span> <span class='ocrx_word' id='word_1_344' title='bbox 668 2926 829 2955; x_wconf 81' lang='lat' dir='ltr'><strong>mutatum</strong></span> <span class='ocrx_word' id='word_1_345' title='bbox 854 2927 936 2963; x_wconf 77' lang='lat' dir='ltr'><strong>erat,</strong></span> <span class='ocrx_word' id='word_1_346' title='bbox 961 2926 997 2954; x_wconf 87' lang='lat' dir='ltr'><strong>ut</strong></span> <span class='ocrx_word' id='word_1_347' title='bbox 1021 2932 1080 2962; x_wconf 85' lang='lat' dir='ltr'><strong>pro</strong></span> <span class='ocrx_word' id='word_1_348' title='bbox 1106 2931 1207 2953; x_wconf 83' lang='lat' dir='ltr'><strong>versu</strong></span> <span class='ocrx_word' id='word_1_349' title='bbox 1234 2922 1447 2961; x_wconf 76' lang='lat' dir='ltr'><strong>pherecraten</strong></span> <span class='ocrx_word' id='word_1_350' title='bbox 1472 2921 1653 2960; x_wconf 61' lang='lat' dir='ltr'><strong>glyc-cneus</strong></span> <span class='ocrx_word' id='word_1_351' title='bbox 1677 2920 1849 2958; x_wconf 74' lang='lat' dir='ltr'><strong>legeretur.</strong></span> 
     </span>
    </p>
   </div>
  </div>
 </body>
</html>
