2144 3412
905 199 1191 244 -29-

242 337 318 378 dno
361 335 535 378 membra
564 346 654 376 oum
682 334 783 375 inter
810 346 853 375 ee
881 335 1147 386 respondeant,
1178 335 1265 386 poet
1293 346 1330 374 v.
1357 333 1380 373 6
1411 332 1593 374 laeunam
1623 332 1756 384 Bergk
1785 332 1851 373 vix

245 413 352 453 reete
380 410 526 451 statuit.
583 408 645 449 De
674 410 797 449 metro
826 420 863 450 v.
892 408 994 449 infra
1022 409 1071 449 ad
1101 408 1147 450 fr.
1178 407 1244 449 43.

357 485 404 526 fr.
433 483 500 526 21.

251 555 366 615 Πρὶν
394 554 476 612 μὲν
503 551 612 609 &mv
640 553 877 612 βερβέριον,
907 548 1158 611 καλύμματ’
1191 551 1489 611 ἐσφηκωμένα,

360 629 436 674 καὶ
467 626 664 683 ξυλίνους
693 624 991 687 ἀστραγάλους
1020 627 1065 672 ἐν
1095 624 1190 681 ὠσί,

357 702 432 747 καὶ
473 703 609 760 ψιλὸν
649 702 753 760 περὶ
795 703 1003 762 πλευρῇσι
1049 701 1239 760 (δέρριον
1268 703 1416 757 Bergk)
1453 699 1570 757 βοός,
1618 699 1853 746 νεόπλυτον

1301 773 1456 833 εἴλυμα
1487 779 1622 835 κακῆς
1647 774 1849 828 ἀσπίδος,

301 847 600 908 ἀρτοπώλισιν
619 850 695 895 καὶ
716 848 1078 907 ἕθελοπόρνοισιν
1098 847 1286 906 ὁμιλέων
1305 848 1330 895 ὃ
1351 850 1542 909 πονηρὸς
1572 848 1596 894 ὁ
1614 846 1851 907 Ἀρτέμων,

307 925 513 984 κίβδηλον
541 924 750 985 εὑρίσκων
777 924 887 982 βίον,

304 1001 452 1045 πολλὰ
480 1001 561 1058 μὲν
591 1000 637 1045 ἐν
665 999 787 1056 δουρὶ
817 998 958 1051 δεδεὶς
986 994 1151 1052 αὐχένα,
1195 997 1340 1042 πολλὰ
1371 994 1414 1041 δ’
1447 996 1491 1041 έν
1521 1001 1674 1056 τροχῷ,
1705 998 1851 1042 πολλὰ

929 1072 978 1116 δὲ
1007 1076 1146 1116 νῶτον
1175 1070 1351 1132 σκυτίνῃ
1378 1070 1553 1129 μάστιγι
1590 1071 1851 1129 θωμιχθείς,

304 1148 441 1208 κόμην
471 1146 659 1206 πώγωνά
689 1144 730 1192 τ’
764 1146 1074 1204 ἐκτετιλμένος.

252 1228 340 1269 Νῦν
370 1221 412 1268 δ’
436 1221 652 1280 ἐπιβαίνει
684 1221 905 1276 σατινέων,

359 1296 518 1355 χρύσεα
547 1296 716 1356 φορέων
740 1295 1001 1354 καθέρματα
1031 1293 1140 1348 πάις
1170 1294 1327 1354 Κύκης,

304 1373 379 1418 καὶ
411 1370 664 1429 σκιαδίσκην
694 1370 972 1429 ἐλεφαντίνην
1003 1373 1133 1429 φορεῖ
1160 1369 1355 1428 γυναιξὶν
1384 1366 1525 1422 αὕτως
1556 1404 1735 1415 .....

250 1452 420 1494 Schema
463 1452 584 1504 igitur
624 1453 685 1492 est
727 1450 820 1490 hoe:
872 1448 964 1502 (Az)
995 1461 1018 1489 a
1046 1450 1072 1490 b
1104 1461 1124 1489 e
1155 1450 1179 1488 d
1211 1461 1231 1490 e
1273 1447 1359 1502 (132)
1390 1458 1414 1490 α
1444 1462 1472 1488 α
1505 1446 1527 1489 b
1559 1480 1569 1490 .
1602 1480 1612 1489 .
1644 1480 1654 1490 .
1684 1480 1694 1489 .
1745 1459 1768 1487 a
1808 1459 1854 1488 ex

249 1528 374 1568 tribue
404 1525 500 1567 eolis
520 1538 589 1579 per
610 1520 685 1565 καί
704 1526 806 1565 inter
826 1536 868 1565 se
889 1524 1101 1565 eoninnetie
1131 1523 1385 1576 compositum
1407 1525 1474 1571 est,
1497 1534 1660 1575 quorum
1682 1523 1853 1574 primum

255 1604 293 1643 et
319 1602 477 1642 tertium
508 1600 747 1653 appositione
776 1598 1012 1651 amplifieata
1041 1600 1152 1646 sunt;
1192 1599 1232 1638 in
1273 1598 1298 1638 d
1326 1598 1420 1638 item
1450 1598 1526 1638 tria
1555 1599 1646 1637 sunt
1674 1596 1758 1637 oola
1786 1608 1856 1649 per

251 1673 343 1730 μέν,
387 1671 448 1726 δέ,
493 1670 545 1716 δέ
583 1674 837 1715 cohaerentia.
895 1672 972 1714 Per
1014 1675 1135 1713 totum
1180 1673 1350 1725 primum
1391 1673 1610 1713 membrum
1653 1671 1855 1723 partieipia

258 1753 408 1792 tantum
450 1750 711 1791 inveniuntur.
769 1747 949 1788 Hominis
992 1758 1133 1787 nomen
1172 1758 1207 1788 v.
1247 1746 1271 1786 5
1308 1746 1501 1798 prolatum
1542 1740 1583 1799 (ὃ
1614 1742 1802 1801 πονηρὸς
1832 1740 1855 1785 ὁ

248 1818 491 1880 Ἀρτέμων)
511 1837 548 1866 v.
571 1824 621 1864 11
653 1824 711 1864 eie
740 1824 931 1863 variatur:
961 1816 1071 1870 πάις
1090 1815 1249 1876 Κύκης.
1306 1821 1411 1862 Haeo
1440 1821 1608 1862 nominis
1638 1821 1853 1862 immutatio

253 1902 410 1954 propter
439 1898 649 1940 cavillandi
679 1898 878 1945 rationem,
919 1908 1036 1950 quem
1065 1897 1244 1949 sequitur
1282 1898 1405 1948 poeta,
1450 1895 1633 1936 notabilis
1663 1897 1734 1943 eet,
1764 1907 1854 1936 nam

253 1969 375 2030 Κὺκη
403 1973 503 2015 nihil
545 1973 655 2014 aliud
695 1975 752 2013 eet
781 1972 857 2012 nisi
898 1964 1238 2026 φαρμακεῦτρια.
1303 1970 1360 2012 Of.
1391 1970 1483 2011 Hes,
1513 1969 1686 2010 κυκειῶ·
1731 1966 1857 2022 πόμα

253 2044 302 2090 ἐκ
342 2045 517 2090 πολλῶν
561 2044 754 2098 βοτανῶν
797 2040 1071 2100 συγκείμενον
1101 2040 1365 2100 φαρμακέας,
1411 2041 1549 2085 ποτὸν
1591 2039 1856 2100 δηλητήριον.

369 2123 413 2164 fr.
435 2122 502 2165 43.
531 2122 650 2164 Poeta
678 2123 876 2163 senectute
905 2133 990 2162 eeee
1016 2132 1102 2161 esee
1131 2120 1343 2161 confectum
1372 2131 1497 2172 neque
1527 2119 1656 2160 adhue
1677 2120 1857 2160 iuvenem

254 2210 344 2240 eum
374 2198 549 2239 diuturne
579 2199 647 2245 eet,
677 2196 751 2237 hoe
780 2197 834 2237 ita
863 2196 1053 2236 variatum
1084 2196 1222 2243 reddit,
1252 2197 1295 2235 ut
1323 2198 1485 2248 utraque
1515 2206 1587 2242 ree,
1617 2206 1717 2247 quae
1746 2194 1855 2235 elteri

254 2273 428 2326 opposita
447 2273 500 2313 eit
514 2270 572 2323 (h.
588 2283 620 2314 e.
635 2274 813 2312 senectus
834 2274 872 2312 et
891 2268 1088 2323 iuventus)
1110 2271 1347 2322 exprimatur
1367 2270 1469 2310 binis
1488 2269 1674 2309 membris
1691 2270 1857 2310 eundem

255 2359 414 2389 sensum
443 2347 717 2394 indicantibus,
748 2357 847 2399 quae
877 2357 952 2386 non
982 2345 1089 2385 iuxta
1118 2349 1323 2397 ponuntur,
1353 2345 1421 2385 sed
1452 2343 1598 2385 alterno
1629 2344 1780 2384 ordine:

427 2417 579 2462 πολιοὶ
607 2416 688 2474 μὲν
716 2414 818 2476 ἡμὶν
847 2413 925 2476 ἤδη
954 2414 1166 2475 κρόταφοι
1198 2413 1307 2474 κάρη
1336 2431 1382 2459 τε
1414 2413 1574 2469 λευκόν,

424 2490 634 2551 χαρίεσσα
663 2487 710 2536 δ’
740 2487 893 2536 οὐκέθ’
925 2487 1006 2550 ἥβη
1037 2488 1172 2548 πάρα,

427 2566 625 2625 γηραλέα
656 2562 701 2610 δ’
733 2561 922 2620 ὀδόντες,

426 2642 631 2699 γλυκεροῦ
661 2636 706 2686 δ’
739 2636 881 2686 οὐκέτι
913 2639 1078 2693 πολλὸς
1105 2638 1256 2696 βιότου
1284 2637 1437 2698 χρόνος
1467 2638 1705 2700 λέλειπται.

259 2721 427 2763 Schema
464 2720 587 2773 igitur
630 2730 706 2760 non
741 2722 799 2760 eet
826 2731 851 2759 a
881 2730 906 2759 a
934 2719 959 2759 b
990 2719 1026 2768 b,
1056 2719 1125 2759 sed
1155 2718 1247 2759 hoo:
1280 2730 1304 2759 a
1340 2719 1362 2792 g
1395 2730 1419 2759 a
1448 2718 1485 2767 b,
1523 2718 1570 2770 ei}
1598 2729 1644 2758 ea
1673 2718 1858 2766 membra,

260 2813 359 2855 quae
398 2800 445 2841 ad
487 2800 592 2841 idem
631 2800 838 2852 pertinent,
881 2799 1021 2840 iiedem
1068 2798 1210 2840 litteris
1248 2799 1515 2852 designamus.
1574 2797 1682 2848 Quod
1711 2800 1789 2839 toto
1819 2799 1858 2838 in

261 2876 457 2918 enuntiato
487 2874 634 2916 factum
663 2885 748 2916 eene
778 2874 967 2923 videmus,
998 2875 1039 2915 in
1068 2875 1192 2926 primo
1223 2874 1308 2915 eine
1327 2874 1501 2915 membro
1530 2874 1726 2925 repetitur.
1757 2871 1859 2913 Nam

260 2953 382 3004 poeta,
419 2950 486 3002 qui
528 2960 667 2990 eanum
707 2960 792 2990 esee
822 2951 937 3001 eaput
982 2949 1109 2990 dicere
1154 2948 1247 3000 vult,
1293 2960 1381 2990 eum
1424 2948 1561 2989 scribit
1601 2943 1751 2989 πολιοὶ
1781 2942 1861 3001 μὲν
