2144 3412
994 241 1278 285 ,82-

340 362 625 425 Ἰφιδάμαντα
666 380 920 423 κασιγνητον
958 365 1034 408 καὶ
1075 362 1269 420 ὄπατρον
1314 363 1409 408 ἕλκε
1454 365 1606 418 ποδός.
1652 369 1750 410 Item
1785 370 1942 411 additur

335 427 464 467 simile
496 427 588 493 quid
618 426 668 466 ad
709 427 874 466 matrem
918 425 1134 477 pertinens:
1182 424 1224 465 Ω
1253 425 1308 466 47
1350 421 1654 482 κασίγνητον(
1638 421 1941 482 ομογᾶστριον,

333 486 398 524 ubi
439 478 695 550 κασίγνητος
737 483 953 523 accuratius
992 484 1049 522 sic
1090 483 1435 531 circumscribitur,
1476 485 1513 524 et
1548 486 1589 525 Τ
1614 483 1695 524 293
1737 483 1857 538 τρεῖς
1893 496 1941 525 τε

334 536 627 607 κασιγνήτοις,
656 535 757 589 τοίς
785 552 860 593 μοι
891 535 975 592 μία
1004 534 1175 592 γείνατο
1206 534 1357 595 μήτηρ,
1388 551 1466 593 qua
1485 542 1723 594 appositione
1746 540 1943 582 Briseidos

332 600 451 638 animi
485 599 688 638 commotio
719 598 846 663 magis
878 597 1125 647 exprimatur.
1191 597 1341 638 Helena
1377 599 1504 638 autem
1535 610 1624 639 cnm
1655 600 1748 638 dicit
1776 600 1816 638 I
1840 597 1943 639 236.

332 652 438 696 δοιώ
460 648 502 694 δ’
526 648 576 695 οὐ
597 648 781 720 δύναμαι
803 649 933 695 ἰδέειν
953 649 1194 720 κοσμίτορε
1213 652 1342 704 λαῶν,
1344 649 1576 723 Κάστορά
1605 649 1657 696 θ’
1683 649 1945 724 ιππόδαμον

332 710 404 752 καὶ
437 709 526 764 πίξ
558 705 728 765 ἀγαθὸν
750 706 1037 760 Πολυδευκεα,
1069 704 1430 766 αυτοκασιγνήτω,
1461 707 1523 753 τώ
1550 725 1627 766 μοι
1658 708 1739 765 μία
1769 708 1941 764 γείνατο

331 766 491 824 μίτηρ,
536 771 648 822 poeta
695 769 755 809 his
800 769 930 809 verbis
974 770 1148 809 indicare
1189 771 1342 809 videtur
1385 772 1595 822 utrumqne
1640 770 1812 810 Helenae
1857 780 1945 810 esse

334 829 493 868 fratrem
526 828 660 867 eadem
690 829 814 866 matre
854 834 999 877 natum,
1041 827 1109 866 sed
1147 829 1296 877 patrem
1337 838 1412 867 non
1443 838 1529 867 esse
1560 828 1745 874 eundem;
1775 826 1943 878 Tyndari

332 886 454 936 igitur
483 896 568 924 esse
608 883 710 924 filios
753 883 912 924 Castora
953 887 990 923 et
1031 882 1230 923 Pollucem
1273 895 1358 923 esse
1387 883 1469 923 vult
1498 883 1562 931 (cf
1592 881 1618 923 λ
1649 883 1752 924 298:
1796 883 1947 924 Helena

332 944 460 982 autem
493 942 540 982 ab
565 941 734 981 Homero
754 941 900 992 ubique
930 941 1034 980 Iovis
1054 940 1136 980 filia
1156 942 1387 988 nominatur,
1418 941 1465 980 cf.
1490 943 1527 981 Ι“
1542 940 1636 986 426,
1666 939 1693 981 δ
1715 941 1808 981 227.
1830 939 1946 993 569).

333 992 720 1068 αυτοκασίγνητος,
765 1010 840 1050 quo
886 1001 1037 1048 poetam
1080 1010 1193 1037 usum
1241 1010 1326 1038 esse
1380 993 1493 1038 κατά
1542 1011 1639 1038 τινα
1691 994 1946 1038 ἐνδιάθετον

333 1052 538 1097 ἐπίτασιν
566 1056 797 1096 Eustathius
827 1058 931 1095 recte
961 1056 1235 1096 animadvertit
1265 1054 1320 1108 (p.
1352 1055 1446 1102 410,
1477 1054 1575 1106 39),
1608 1056 1710 1107 apud
1733 1055 1945 1096 Homerum

335 1117 373 1154 et
417 1115 463 1154 de
506 1114 692 1154 fratribus
733 1114 875 1152 dicitur
918 1113 1057 1152 iisdem
1099 1114 1324 1164 parentibus
1369 1114 1472 1152 natis
1517 1111 1628 1165 (item
1673 1114 1794 1164 igitur
1832 1117 1947 1165 atque

334 1166 620 1226 κασιᾝγνητος)
663 1173 701 1211 et
744 1171 791 1210 de
828 1171 877 1209 iis
917 1181 1079 1222 quorum
1111 1173 1236 1210 mater
1274 1171 1421 1210 tantum
1455 1171 1589 1210 eadem
1621 1173 1699 1209 est:
1740 1169 1787 1210 cf
1816 1168 1946 1222 Apoll.

336 1229 453 1280 Soph.
485 1228 550 1276 47,
583 1228 647 1268 27.
692 1249 746 1256 —
791 1227 943 1267 Deinde
972 1223 1231 1292 κασίγνητος
1269 1227 1406 1267 latiore
1443 1239 1561 1267 sensu
1601 1228 1744 1268 dicitur
1783 1228 1831 1267 de
1860 1238 1949 1267 con--

336 1287 570 1352 sanguineo.
629 1284 666 1325 Ο
697 1284 802 1325 545:
837 1278 1000 1338 Ἕκτωρ
1031 1280 1079 1324 δὲ
1109 1279 1405 1351 κασιγνήτοισι
1437 1281 1634 1325 κέλευσεν
1665 1284 1774 1324 πᾶσι
1807 1278 1947 1353 μάλα·

339 1343 460 1383 schol.
489 1344 524 1382 A
555 1335 623 1382 ότι
654 1337 928 1409 κασίγνητοι
943 1337 1187 1408 κοινότερον
1227 1355 1270 1382 οι
1299 1342 1527 1411 συγγενεῖς,
1560 1337 1839 1396 σημειοῦνταί
1867 1335 1949 1394 γάρ

335 1413 450 1448 τινες
492 1394 560 1440 ὅτι
601 1412 702 1448 τους
745 1395 956 1451 ανεψιοῦς
997 1394 1276 1466 κασιγνήτους
1320 1394 1519 1447 ἐκαλουνς
1564 1402 1603 1439 et
1642 1399 1764 1439 schol.
1783 1398 1949 1439 TownL:

384 1490 392 1498 .
425 1489 435 1498 .
464 1453 580 1505 τινὲς
610 1453 658 1497 δὲ
690 1451 752 1497 ἔτι
784 1452 858 1496 καὶ
888 1456 960 1495 νῦν
991 1449 1101 1508 παρ’
1132 1451 1254 1496 Ἴωσι
1296 1469 1398 1504 τους
1427 1456 1641 1524 συγγενεῖς
1657 1450 1952 1524 κασιγνήτους

336 1512 482 1583 (φασὶ)
499 1512 751 1554 καλεῖσθαι.
781 1508 945 1580 ομοίως
964 1509 1015 1553 δέ
1034 1525 1148 1568 φησι
1168 1510 1243 1554 καὶ
1273 1510 1323 1553 τὸ
1372 1509 1484 1554 ἔνθα
1516 1508 1795 1569 ἓταρχύσουσι
1821 1507 1950 1554 wol-

335 1568 482 1627 γνητοί
519 1585 565 1612 τε
605 1566 699 1612 ἔται
740 1584 786 1611 τε
832 1566 982 1624 τύμβῳ
1022 1584 1068 1610 τε
1107 1566 1242 1626 στήλῃ
1271 1563 1335 1611 ‘ce'
1355 1555 1443 1622 (H
1468 1570 1581 1623 674).
1624 1593 1680 1598 —
1719 1565 1949 1638 κασιγνήτη

336 1631 439 1682 apud
461 1630 674 1670 Homerum
695 1641 849 1680 semper
868 1640 1096 1695 germanam
1117 1640 1286 1669 sororem
1308 1628 1502 1680 significat
1531 1633 1569 1669 et
1598 1621 1948 1695 αὐτοκασιγνήτη,

339 1688 441 1740 quod
472 1687 594 1727 semel
622 1687 679 1726 ibi
710 1688 834 1726 exstat
861 1699 887 1725 κ
922 1685 1001 1725 137
1033 1681 1175 1739 Κίρκη
1204 1678 1539 1740 αὐτοκασιγνήτη
1558 1681 1750 1740 Λίήταο.
1774 1709 1829 1715 -
1861 1684 1949 1726 Non

337 1746 500 1797 probare
544 1746 675 1784 autem
705 1755 864 1795 possum
908 1744 1153 1790 sententiam,
1198 1755 1316 1796 quam
1360 1743 1522 1795 protulit
1562 1743 1659 1783 Fick
1689 1742 1812 1794 (Gurt.
1842 1741 1951 1783 send.

340 1803 437 1843 VIII
469 1800 569 1854 313)
602 1803 640 1841 et
669 1802 736 1853 qui
768 1813 856 1841 eum
887 1803 1044 1840 secutus
1076 1803 1134 1840 est
1163 1800 1362 1841 Delbruck
1393 1801 1446 1850 (d.
1466 1802 1544 1852 idg.
1575 1799 1952 1840 Verwandtschasts-

339 1872 481 1900 namen
522 1877 580 1892 =
619 1858 815 1899 Abhandl.
857 1858 982 1898 sache.
1013 1857 1102 1898 Ges.
1133 1859 1169 1898 d.
1200 1858 1316 1898 Wiss.
1346 1857 1452 1898 XXV
1481 1870 1518 1909 p.
1549 1856 1674 1924 467),
1713 1858 1780 1910 qni
1820 1856 1954 1898 volunt

339 1911 703 1984 αυτοκασίγνητος
734 1928 820 1956 esse
861 1927 933 1955 aus
965 1915 1190 1956 demselben
1221 1914 1412 1982 S,choosse
1442 1908 1642 1967 geboren’.
1690 1913 1793 1955 Nam
1823 1925 1952 1967 neque

339 1976 380 2015 in
411 1975 540 2015 verbis
585 1974 795 2014 homericis
834 1974 889 2012 ita
933 1974 1154 2024 compositis
1200 1986 1328 2013 αυτο-
1359 1972 1460 2013 hanc
1505 1972 1623 2013 habet
1660 1973 1868 2020 notionem,
1909 1974 1954 2012 ut

348 2025 491 2072 ‘idem'
524 2031 730 2083 significet,
761 2042 886 2082 neque
914 2030 1092 2070 vocabuli
1115 2025 1371 2085 κασίγνητος
1390 2030 1492 2070 hanc
1523 2041 1608 2070 esse
1631 2031 1841 2081 genuinam
1871 2029 1953 2069 vim

339 2090 518 2130 alicunde
547 2091 718 2140 apparet.
767 2087 932 2127 Prorsus
962 2087 1061 2127 falsa
1090 2089 1217 2127 autem
1251 2090 1309 2127 est
1328 2089 1533 2140 utriusque
1562 2088 1753 2127 sententia
1773 2087 1952 2127 vetustis-

340 2149 481 2187 simam
510 2145 688 2186 vocabuli
708 2145 871 2185 formam
893 2157 977 2185 esse
997 2137 1371 2198 αυτοκασίγνητος,
1402 2155 1448 2185 ex
1468 2157 1545 2196 qua
1564 2144 1664 2184 aliae
1693 2140 1950 2198 κασίγνητος

343 2207 380 2245 et
409 2216 540 2252 κασις
569 2204 791 2269 amputatae
821 2203 878 2242 sic
909 2205 1013 2242 ortae
1043 2203 1144 2242 sint:
1654 2218 1666 2225 ·

646 2251 1649 2327 αυτο-κασί-γνητος41),κασί-γνητος,κα’σις.

341 2319 420 2359 Res
451 2319 578 2370 potius
595 2318 693 2358 haec
715 2320 782 2365 est,
813 2319 856 2356 ut
886 2329 906 2357 e
935 2311 1065 2365 κάσις
1084 2316 1163 2356 alia
1181 2315 1371 2356 vocabula
1392 2316 1563 2356 derivata
1582 2317 1669 2355 sint
1709 2315 1951 2356 Vocabulum

344 2379 465 2428 igitur
493 2377 556 2416 bis
586 2377 843 2426 compositum
871 2375 1078 2414 formatum
1119 2375 1178 2414 est
1216 2374 1264 2414 ab
1306 2374 1413 2424 epico
1442 2376 1563 2425 poeta,
1604 2374 1665 2413 cui
1697 2368 1954 2428 κασίγνητος

342 2447 418 2474 ιιοιι
448 2433 669 2473 sufficiebat
708 2433 757 2472 ad
788 2432 1027 2482 cognationis
1066 2432 1229 2483 gradum
1268 2432 1446 2470 accurate
1486 2431 1755 2470 denotandum.
1813 2429 1953 2482 Neque

342 2491 421 2531 alia
458 2493 517 2530 est
554 2502 617 2530 res
659 2490 700 2529 in
713 2486 998 2557 κασίγνητος
1036 2500 1211 2554 quoque,
1249 2489 1351 2540 quod
1393 2488 1556 2528 verbum
1593 2489 1848 2539 compositum
1883 2498 1954 2539 per

343 2561 471 2588 κασι-
504 2550 542 2588 et
570 2541 744 2601 γνη-τό-
750 2560 772 2595 ς
802 2547 877 2597 (sic
907 2549 1057 2586 veteres
1085 2547 1165 2585 iam
1195 2544 1425 2586 vocabulum
1456 2545 1708 2585 definierunt:
1740 2544 1787 2586 cf.
1819 2544 1880 2585 Et.
1898 2543 1952 2584 M.

344 2604 675 2657 493‚14)‚quia
703 2605 807 2644 idem
849 2604 1046 2655 significat
1085 2605 1201 2655 atque
1242 2597 1381 2651 κάσις,
1420 2603 1647 2642 recentioris
1675 2603 1837 2654 originis
1866 2613 1954 2643 esse

344 2675 462 2715 quam
493 2662 660 2713 simplex
689 2664 794 2702 recte
826 2661 1002 2702 concludi
1045 2661 1179 2726 negari
1218 2672 1296 2700 ιιοιι
1332 2660 1481 2711 poterit.
1540 2660 1667 2711 Atque
1697 2659 1770 2699 hoc
1799 2669 1953 2711 quoque

344 2720 572 2760 vocabulum
618 2720 672 2759 ita
721 2719 1000 2770 amplificatum
1045 2719 1146 2769 epici
1194 2718 1384 2758 sermonis
1427 2718 1626 2768 proprium
1669 2719 1747 2764 est,
1789 2728 1835 2757 ex
1875 2727 1952 2768 qno

345 2780 544 2828 sumptum
574 2778 622 2816 ab
653 2776 741 2816 aliis
773 2788 924 2828 quoque
953 2777 1076 2827 poetis
1118 2777 1155 2815 et
1192 2775 1296 2826 apud
1327 2774 1487 2825 Cyprios
1518 2773 1586 2827 (cf.
1618 2774 1754 2823 Gauer,
1785 2771 1944 2814 doleat*

436 2910 494 2953 41)
528 2913 640 2951 Neque
673 2912 782 2943 minus
813 2915 902 2943 certo
933 2911 1150 2942 refellendum
1174 2914 1235 2951 est,
1269 2909 1355 2948 quod
1380 2905 1695 2952 αὗ-τοκασι·γνητος
1718 2917 1790 2940 esse
1813 2907 1952 2948 disting-

346 2958 487 2989 uendum
511 2958 573 2988 sibi
598 2958 797 2996 excogitavit
822 2958 847 2989 1.
873 2957 1114 2996 Wackernagel
1137 2955 1193 2999 (Κ.
1218 2957 1252 2986 Ζ.
1283 2955 1426 2985 xxxin
1453 2954 1508 2998 16)
