2144 3412
992 245 1275 288 -44-

442 364 629 421 ξιλινοςε
661 370 725 416 21,
757 371 804 419 2;
834 370 981 423 legitur
1009 384 1162 425 quoque
1191 372 1499 415 Batrach.116.

447 422 640 494 ῥόδινοςε
671 426 738 475 83
769 428 806 470 2.
837 428 885 470 cf.
918 427 1081 470 Stesich.
1113 430 1178 471 29.

441 479 659 533 σκύτινοςε
692 485 757 533 21,
789 485 826 526 8.

437 536 608 595 χήλινος
637 540 728 610 (om.
761 541 962 610 Holsten):
988 542 1084 584 Poll.
1119 543 1194 584 VII
1220 543 1298 584 172
1327 537 1499 612 χήλινον
1528 540 1726 612 (πήλινον
1755 545 1874 613 A⁴):
1899 557 1934 588 v.

328 599 416 637 Hcs.
440 599 557 650 infra)
581 593 699 650 [δὲ]’
683 594 842 652 άγγος.
913 593 1051 641 ,ὅταν
1079 594 1186 657 εἴπῃ
1211 563 1460 654 Ἀνακρέων
1480 601 1572 654 (37)
1593 598 1644 643 τὸ
1664 599 1712 642 ἐκ
1734 597 1935 654 σχοινίων

326 651 500 723 πλέγμα
530 653 666 710 δηλοῖ.
726 631 923 698 Vocabuli
955 658 1230 710 etymologiam
1270 658 1392 699 habes
1433 660 1474 699 in
1514 659 1645 727 glossa
1684 659 1935 712 Hesychiana

326 670 581 779 κεχ1·’λωμαι
601 709 770 763 πόδας·
814 711 994 783 δέδεμαι
1037 712 1372 783 συνερραμένους
1411 712 1511 765 τούς
1547 712 1703 766 πόδας.
1743 713 1934 784 χηλειειν

325 766 406 822 γὰρ
437 767 488 810 τὸ
519 767 715 839 ῥάπτειν,
759 768 832 812 καὶ
860 767 1032 828 xr'hvov
1060 769 1111 813 τὸ
1141 767 1341 823 πλεκτόν,
1382 767 1444 822 ὡς
1467 766 1725 842 Ἀνακρέων,
1757 770 1831 815 καὶ
1862 768 1934 829 χὴ·

326 825 397 867 λει
390 841 463 881 μα
506 825 557 868 τὸ
587 821 782 897 ὀπήτιον.
827 807 1053 898 Σοφοκλνς
1082 825 1301 898 Πανδώρᾳ
1332 829 1396 884 (fr.
1428 827 1572 884 445)'
1558 825 1584 887 ἦ
1615 826 1932 899 Σφιροκόποις.

327 884 381 924 Of.
410 880 618 954 χηλευει·
644 881 815 954 ῥάπτει,
856 883 1022 928 πλέκει.
1059 882 1301 956 χηλεύσεις·
1343 885 1531 956 πλέξεις.
1570 884 1813 943 χηλεύματα
1848 885 1931 942 γὰρ

325 938 521 1052 {rifiyaeggo
569 933 665 985 οἷον
713 937 899 1000 ὀπήτια,
951 935 1020 994 οἷς
1074 941 1308 986 πλέκουσιν
1355 939 1381 1001 ’ὴ
1429 940 1668 1001 ῥάπτουσιν
1720 946 1787 1000 (ci.
1837 945 1933 988 Poll.

326 1079 364 1121 3.
394 1080 565 1121 Verba
595 1082 849 1124 derivata.

442 1140 557 1190 Apud
587 1141 873 1180 Anacreontem
902 1141 1023 1181 verba
1053 1140 1125 1181 hoc
1156 1142 1267 1181 modo
1299 1142 1472 1182 derivata
1502 1142 1773 1182 inveniuntur·

443 1195 483 1263 8)
515 1197 634 1236 verba
664 1199 703 1237 in
735 1194 852 1248 -ιζω,

439 1247 662 1306 άβακᾙζω]
694 1254 754 1296 Et.
775 1255 827 1296 M.
860 1255 895 1302 2,
918 1254 971 1295 43
994 1248 1179 1307 ἆβακνς·
1216 1251 1502 1324 ..κέχρηται
1517 1252 1565 1296 δὲ
1586 1249 1701 1310 αὐτό
1713 1250 1933 1323 Σαπφώ·

325 1301 420 1351 οἷον
462 1311 523 1362 (fr.
556 1311 650 1360 72)·
708 1344 717 1352 .
749 1344 757 1353 .
788 1305 954 1379 ἆβακὴν
995 1308 1074 1352 τάν
1115 1306 1240 1367 φρέν
1274 1307 1374 1380 ἔχω’
1408 1306 1503 1354 ἀντὶ
1538 1313 1614 1354 τοῦ
1645 1307 1816 1380 ἡσύχιον
1860 1309 1934 1353 καὶ

326 1369 481 1422 πρᾶον.
526 1365 647 1436 παρὰ
687 1365 737 1409 τὸ
776 1362 942 1424 ἇβακὴς
982 1365 1143 1422 γίνεται
1181 1401 1191 1410 .
1221 1402 1231 1411 .
1263 1363 1471 1439 άβακίζω.
1518 1367 1649 1425 φησὶν
1686 1363 1935 1439 Ἀνακρέων

328 1426 391 1476 (fr.
435 1425 531 1478 74)·
602 1458 778 1467 .....
821 1426 907 1467 τῶν
948 1420 1311 1480 άβακιζομένιον’.
1356 1421 1455 1469 ἀντὶ
1499 1428 1576 1468 τοῦ
1618 1427 1703 1468 τῶν
1748 1423 1932 1484 ἡσυχίων

327 1480 402 1524 καὶ
435 1480 496 1539 μὴ
526 1481 807 1552 θορυβωδῶν.
858 1485 918 1525 Ita
955 1485 1208 1525 Herodianus.
1263 1485 1374 1535 Quod
1408 1486 1511 1537 apud
1547 1486 1760 1526 Homerum
1790 1485 1936 1537 legitur

327 1538 353 1580 δ
396 1541 476 1582 249
518 1534 739 1595 ἀβάκησαν
790 1543 849 1582 est
896 1534 1118 1597 ἠγνόησαν.
1188 1542 1244 1584 Of.
1285 1543 1410 1594 Apoll.
1452 1542 1570 1595 Soph.
1615 1542 1762 1594 2,16;
1822 1542 1932 1585 Eust.

331 1598 452 1649 1494,
485 1599 552 1640 59.
612 1599 787 1639 Verbum
816 1594 939 1651 βάζω
969 1601 1018 1639 81)
1050 1601 1184 1640 eadem
1214 1601 1334 1667 stirpe
1366 1612 1451 1640 csse
1486 1574 1739 1640 derivan’dum
1768 1600 1932 1640 Herodi-

328 1668 426 1697 anus
455 1657 533 1696 iam
563 1657 674 1698 vidit.
703 1680 759 1684 —
791 1657 849 1699 Of.
878 1657 1029 1698 Archil.
1048 1657 1094 1699 fr.
1116 1656 1190 1697 33:
1220 1650 1319 1697 κατ’
1353 1649 1474 1697 οἶκον
1505 1653 1761 1712 ἐστρωφᾶτο
1781 1654 1934 1710 δυσμε-

377 1709 574 1781 ςβάβαξ
605 1709 647 1763 (ὁ
671 1708 833 1781 λάλος).
893 1715 988 1755 Hes.
1021 1709 1203 1766 ἔβαξας·
1236 1710 1529 1782 ἐλοιδόρησας.
1589 1715 1760 1782 Hippon.
1783 1714 1828 1754 ft.
1860 1714 1935 1755 53:

326 1728 428 1811 ἀλλ’
477 1765 622 1811 αὐτίκ’
675 1765 928 1825 ἀλλήλοισιν
972 1767 1299 1825 ἑμβαβάξαντες
1345 1766 1459 1825 (ἀντὶ
1503 1772 1579 1813 τοῦ
1624 1766 1935 1825 ἐμβοίσαντες;

325 1825 469 1882 ἑμβιβ.
501 1829 612 1869 libri:
645 1842 717 1870 em.
748 1827 994 1880 Schneider).
1052 1829 1296 1870 Vocabulum
1325 1832 1481 1882 propter
1511 1830 1677 1870 notionis
1708 1830 1935 1870 varietatem

324 1887 588 1928 memorabile.
650 1882 1473 1954 01.Ηοε.βαβάζειν,βάβακα,βάβαξ
1503 1887 1672 1939 aliaque.

440 1939 694 1998 πολεμίζω]
728 1938 969 1997 σινάμωροι
1000 1940 1291 1998 πολεμίζουσι
1320 1942 1510 2000 θυρωρῶ
1544 1945 1619 1993 52;
1658 1944 1803 1996 legitur
1831 1945 1934 2004 apud

328 2001 557 2043 Homerum.

442 2054 643 2127 ῥαπίζω.]
674 2054 978 2128 ῥεραπισμένῳ
995 2053 1117 2113 νώτῳ
1139 2053 1935 2126 166.Οῐ.Α11881·80111;.29,1υακινθίνῃ

324 2129 378 2169 με
426 2111 575 2171 ῥάβδῳ
618 2115 823 2167 χαλεπῶς
866 2110 1002 2170 Ἔρως
1044 2098 1242 2185 ῥαπίζων
1283 2113 1478 2158 ἐκέλευσε
1520 2111 1834 2185 σιντροχάζειν
1878 2138 1935 2145 -

324 2174 492 2225 Hippon.
526 2173 580 2214 64
611 2169 824 2242 λίσσομαί
853 2185 901 2214 σε
929 2171 1014 2241 μὴ
1027 2169 1313 2241 ῥαπίζεσθαι,
1354 2175 1377 2214 5
1409 2169 1674 2226 βάλλοντες
1684 2169 1730 2213 ἐν
1758 2170 1934 2227 λειμῶνι

327 2227 403 2271 καὶ
435 2226 694 2300 ῥαπίζοντες
716 2226 908 2299 κράδῃσι
941 2227 1016 2271 καὶ
1045 2226 1290 2299 σκίλλῃσι;ν
1332 2231 1553 2298 Xenophan.
1587 2230 1637 2271 18
1669 2230 1797 2270 Karst.
1828 2231 1936 2271 παῦ-

326 2300 399 2328 σαι
430 2285 540 2342 μηδὲ
558 2282 741 2356 ῥάπιζ’,
774 2288 928 2330 Hel-acl.
952 2289 1032 2329 119
1064 2289 1170 2340 Byw.
1200 2283 1275 2328 τίν
1305 2283 1356 2329 θ’
1377 2283 1568 2342 Όμηρον
1598 2283 1809 2356 ἔφασκεν
1806 2280 1933 2339 άξιον

327 2342 374 2386 ἐκ
417 2346 503 2385 τῶν
544 2339 721 2398 ἀγώνων
764 2341 1057 2398 ἐκβάλλεσθαι
1105 2342 1180 2386 καὶ
1224 2341 1522 2399 ῥαπίζεσθαι,
1566 2358 1640 2386 και
1679 2338 1935 2398 Ἀρχίλοχον

326 2398 501 2471 ομοίως.
561 2404 652 2444 Her.
683 2404 762 2444 VII
793 2403 847 2444 35
878 2403 1022 2443 Xerxes
1053 2403 1351 2454 Hellespontum
1380 2403 1550 2470 flagellis
1583 2403 1779 2443 verberari
1809 2403 1934 2443 iubet:

326 2456 568 2501 ἐνετέλλετο
607 2457 656 2501 δὲ
695 2453 754 2501 ὧν
793 2456 1060 2528 ῥαπίζοντας
1097 2457 1235 2514 λέγειν
1263 2455 1467 2528 βάρβαρά
1498 2473 1544 2499 τε
1573 2456 1648 2500 καὶ
1677 2453 1932 2510 ἀτάσθαλα,

326 2518 426 2558 VIII
458 2518 510 2559 59
543 2515 588 2558 ἐν
619 2517 764 2559 τοῖσιν
793 2531 863 2571 ayt
889 2530 959 2559 σιν
989 2531 1028 2558 οι
1061 2513 1480 2572 προεξανιστάμενοι
1511 2513 1784 2571 ῥαπίζονται.
1833 2517 1936 2558 Voc-

325 2575 487 2615 abulum
529 2577 649 2627 igitur
691 2577 749 2616 est
787 2577 887 2616 inter
916 2576 1030 2616 Iones
1062 2575 1235 2628 vulgare.
1294 2576 1405 2627 Apud
1434 2575 1582 2615 Atticos
1614 2575 1769 2615 videtur
1800 2576 1936 2627 quarto

329 2633 484 2672 demum
515 2633 673 2673 saeculo
693 2635 886 2684 usurpari,
916 2634 1083 2674 necdum
1113 2645 1136 2673 8
1165 2633 1447 2701 probatissimis
1468 2633 1703 2673 auctoribus.
1745 2630 1937 2673 Timocles

325 2690 427 2741 apud
459 2690 599 2732 Athen.
630 2691 727 2731 XIII
749 2691 830 2731 570
862 2691 887 2732 f.
918 2687 1063 2732 *Dem
1095 2691 1160 2739 25,
1193 2689 1258 2732 68.
1289 2685 1578 2742 Ῥαπιζομένῃ
1618 2689 1822 2730 Menandri
1861 2688 1936 2730 fuit

326 2748 524 2787 comoedia
555 2747 634 2799 (III
658 2748 738 2788 123
752 2746 815 2801 Κ).
857 2749 995 2801 Itaque
1027 2749 1219 2800 vituperat
1237 2747 1382 2799 Phryn.
1406 2747 1485 2787 175
1507 2747 1623 2789 Lob.:
1653 2742 1703 2788 τὸ
1734 2741 1935 2802 ῥάπισμα

418 2869 453 2914 4)
476 2871 519 2902 Et
542 2872 597 2902 hui
565 2882 639 2904 mus
663 2873 714 2904 108
751 2873 818 2904 alio
820 2882 956 2912 uumqe
938 2873 1052 2904 81080
1033 2882 1136 2910 orum,
1162 2871 1281 2912 quibus
1304 2872 1426 2903 Pollux
1449 2873 1578 2903 Aureae
1560 2872 1666 2903 eonati·
1690 2881 1749 2903 ver
1731 2871 1793 2904 rba
1813 2870 1934 2912 reddit,

327 2917 504 2948 lectionum
529 2918 697 2950 varietatis
714 2919 864 2950 notitiam
881 2918 987 2950 debeo
1003 2918 1041 2950 Ε.
1059 2918 1187 2957 Bethio‚
1212 2918 1296 2958 prof.
1313 2918 1483 2958 Bostock.,
1508 2918 1560 2950 cui
1577 2927 1637 2959 pro
1653 2918 1715 2949 1188
1731 2916 1935 2957 benignitate

325 2963 379 2994 hic
403 2972 533 3003 quoquc
556 2964 679 3003 gratias
703 2974 765 3004 ago
789 2965 961 2997 maximas.
