2144 3412
875 790 1025 847 Caput
1054 790 1292 847 quintum.

773 898 848 944 Dc
885 897 1090 944 delectu
1122 896 1410 944 verborum.

396 1033 623 1074 Sermonem
655 1034 910 1074 Anacreontis
939 1034 1160 1074 accuratius
1180 1034 1414 1086 perscrutari
1447 1045 1534 1073 cum
1565 1033 1661 1073 mihi
1693 1034 1734 1074 in
1763 1036 1892 1075 animo

282 1092 396 1139 esset,
439 1092 472 1131 si
502 1091 582 1131 talc
611 1092 851 1143 propositum
881 1092 1035 1132 omnino
1075 1091 1124 1131 ad
1155 1091 1272 1131 finem
1312 1092 1523 1143 perducere
1553 1090 1705 1139 vellem,
1734 1092 1775 1131 id
1804 1095 1894 1132 ante

281 1149 411 1189 omnia
451 1148 550 1188 mihi
581 1150 777 1200 agendum
809 1161 894 1189 esse
923 1149 1138 1196 videbatur,
1178 1151 1222 1188 ut
1264 1160 1396 1189 eorum
1440 1149 1657 1194 verborum.
1696 1160 1797 1201 quae
1823 1147 1895 1190 ille

282 1207 495 1258 usurpavit,
526 1207 696 1246 indicem
737 1206 966 1246 conficerem
995 1206 1166 1257 plenum.
1225 1206 1346 1255 Quem
1378 1207 1418 1245 in
1448 1206 1525 1245 fine
1555 1206 1732 1257 opusculi
1762 1207 1894 1258 posui;

282 1263 357 1303 hoc
398 1266 528 1303 autem
570 1263 653 1303 loco
694 1264 741 1303 de
779 1264 830 1303 iis
867 1265 1019 1304 tantum
1057 1262 1258 1303 vocabulis
1299 1262 1482 1303 nonnulla
1527 1263 1664 1311 dicam,
1706 1275 1805 1315 quae
1844 1264 1895 1304 ad

282 1332 414 1361 veram
452 1320 563 1360 illius
592 1332 751 1372 poeseos
781 1321 951 1372 speciem
982 1321 1273 1372 percipiendam
1307 1321 1475 1360 maxime
1504 1321 1643 1361 idonea
1673 1332 1758 1361 esse
1797 1320 1896 1361 mihi

287 1379 372 1418 visa
400 1380 502 1418 sunt.

397 1437 526 1487 Atque
555 1435 725 1486 primum
746 1435 903 1486 quidem
932 1434 1095 1474 tractavi
1127 1446 1172 1474 ea
1192 1434 1391 1482 vocabula,
1421 1447 1520 1487 quae
1551 1436 1591 1475 in
1614 1436 1721 1487 epico
1743 1446 1896 1488 quoque

284 1504 461 1533 sermone
499 1493 642 1532 usitata
682 1494 792 1532 sunt:
834 1493 904 1532 sed
944 1491 1092 1543 duplici
1130 1493 1242 1532 modo
1284 1491 1348 1531 hic
1390 1493 1687 1532 discernendum
1729 1495 1821 1540 erat,
1861 1494 1900 1533 et

284 1551 385 1591 inter
415 1562 470 1598 ea,
511 1561 610 1602 quae
652 1550 787 1590 eadem
824 1561 913 1589 cum
945 1549 980 1589 vi
1012 1551 1198 1600 usurpata
1238 1550 1292 1589 ibi
1323 1550 1583 1597 inveniuntur,
1624 1553 1662 1590 et
1700 1551 1801 1590 inter
1840 1561 1896 1597 ea,

286 1620 449 1660 quorum
481 1608 539 1647 vis
581 1608 649 1647 aut
679 1609 875 1647 structura
904 1608 952 1646 ab
992 1619 1066 1646 usu
1112 1607 1218 1658 epico
1259 1606 1374 1658 plane
1415 1608 1567 1646 diversa
1603 1612 1714 1654 sunt;
1755 1607 1896 1648 deinde

288 1666 352 1717 egi
383 1666 430 1705 de
461 1666 511 1705 iis
552 1664 765 1711 vocabulis,
810 1675 908 1716 quae
948 1665 989 1704 in
1025 1665 1145 1715 epicis
1175 1665 1413 1704 carminibus
1446 1665 1599 1704 omnino
1629 1665 1779 1704 desunt
1836 1665 1896 1705 Ab

288 1722 362 1762 hac
392 1723 540 1762 ratione
579 1723 715 1773 paucis
745 1724 894 1762 tantum
925 1722 966 1761 in
996 1722 1126 1761 verbis
1157 1722 1331 1768 discessi,
1375 1733 1485 1773 quae,
1526 1723 1569 1761 ut
1599 1733 1730 1762 eorum
1761 1721 1903 1762 forma-

286 1780 402 1820 tionis
442 1779 657 1820 similitudo
698 1780 825 1831 magis
859 1780 1064 1831 perspicua
1106 1780 1228 1827 esset,
1267 1779 1329 1819 vel
1364 1778 1442 1818 alia
1475 1780 1522 1819 de
1563 1790 1679 1819 causa
1712 1780 1752 1819 in
1792 1779 1901 1820 initio

287 1838 495 1889 composui.

402 1894 561 1944 Ubique
591 1895 632 1934 in
662 1893 831 1946 singulis
861 1894 991 1934 verbis
1021 1895 1088 1933 aut
1116 1892 1377 1933 locutionibus
1406 1892 1697 1945 alphabeticum
1727 1894 1902 1934 ordinem

289 1955 446 1992 secutus
476 1964 574 2003 sum,
606 1964 724 2004 quam
754 1952 943 1991 rationem
975 1963 1020 1991 ea
1050 1951 1097 1991 de
1116 1962 1232 1991 causa
1261 1951 1441 2002 praetuli,
1471 1963 1519 1990 ne
1548 1951 1665 1990 nimis
1695 1951 1903 1991 artificiosa

291 2010 541 2062 dispositione
570 2011 688 2050 totius
720 2009 1002 2049 dissertationis
1033 2010 1262 2060 conspectus
1292 2009 1555 2060 impediretur.

294 2181 328 2221 1.
365 2181 422 2221 de
451 2180 762 2248 particulis.
808 2211 816 2218 .
1079 2123 1110 2163 I.

407 2231 435 2278 ά
435 2237 513 2307 y.s]
564 2237 692 2287 63,1
735 2231 809 2292 ἄγε
839 2233 905 2292 δή,
938 2231 1039 2292 φέρ’
1089 2237 1153 2285 63,
1186 2236 1211 2277 7
1255 2249 1330 2290 αγε
1369 2234 1491 2277 δεῦτε
1522 2268 1532 2277 .
1563 2269 1573 2277 .
1605 2234 1905 2290 .μελετῶμεν.

290 2289 389 2336 ἀλλ’
425 2292 500 2349 άγε
541 2290 595 2349 δή
636 2296 830 2336 Homerus
873 2296 979 2343 dicit,
1017 2306 1173 2364 perraro
1212 2296 1362 2334 tantum
1392 2289 1468 2362 ἄγε
1500 2289 1564 2349 δη,
1606 2294 1715 2334 velut
1749 2292 1790 2333 Ω
1823 2294 1904 2334 406

292 2348 532 2480 ἓίεῢμτιξναίὲξ
544 2347 760 2407 θεράπων
785 2346 993 2408 Ἀχιλῆος
1023 2344 1100 2403 εἷς,
1131 2346 1207 2405 ἄγε
1239 2348 1289 2406 ὃν
1311 2330 1571 2403 κατάλεξον;
1602 2363 1756 2403 semper
1775 2353 1907 2392 autem

410 2461 505 2509 οὐδ’
550 2459 632 2519 αὖ]
683 2467 736 2508 56
768 2459 864 2507 οὐδ’
897 2457 950 2507 αὗ
979 2459 1028 2519 μ’
1061 2460 1208 2514 ἐάσεις
1236 2458 1447 2519 μεθύοντ’
1481 2457 1626 2505 οίκαδ’
1661 2458 1906 2517 ἀπελθεῖνς

294 2525 402 2566 Haec
431 2526 550 2566 verba
577 2526 831 2565 Anacreontis
861 2537 946 2565 esse
975 2525 1073 2564 vidit
1103 2523 1149 2565 G.
1172 2523 1429 2571 Hermannus,
1461 2522 1507 2562 el.
1531 2524 1648 2563 doctr.
1679 2525 1789 2563 metr.
1811 2522 1907 2564 493.

295 2583 343 2622 In
373 2583 612 2623 carminibus
654 2583 773 2634 epicis
811 2573 864 2622 αὗ
904 2583 1056 2623 tantum
1085 2599 1142 2614 =
1162 2575 1368 2628 ‘vicissim
1408 2573 1540 2632 porro'
1584 2583 1724 2625 exstat:
1767 2581 1904 2621 eadem

295 2642 425 2680 autem
455 2640 599 2680 locutio
630 2640 734 2691 apud
753 2641 902 2680 Atticos
930 2640 1086 2692 saepius
1116 2639 1216 2679 redit
1244 2639 1351 2678 vario
1382 2639 1495 2678 modo
1516 2638 1703 2678 adhibita.
1732 2637 1909 2678 Primum

296 2697 452 2737 incohat
492 2698 734 2746 sententiam,
775 2709 875 2749 quae
916 2708 962 2737 ex
999 2697 1128 2738 verbis
1168 2696 1484 2736 antecedentibus
1525 2696 1572 2735 de
1612 2695 1692 2734 alia
1722 2697 1760 2736 et
1788 2695 1911 2736 simili

297 2765 339 2794 re
383 2754 518 2805 colligi
556 2756 693 2806 potest.
760 2756 826 2795 Ar.
857 2754 950 2795 eccl.
983 2754 1064 2794 667
1107 2745 1202 2793 οὐδ’
1244 2745 1298 2793 αὗ
1338 2748 1530 2807 κλέπτης
1573 2745 1715 2801 οὐδεὶς
1758 2746 1908 2805 ἔσται,-

298 2811 448 2852 Deinde
477 2812 519 2852 in
539 2813 727 2852 enuntiati
756 2813 866 2852 initio
886 2812 1052 2864 ponitur,
1081 2822 1155 2862 quo
1176 2810 1408 2850 antecedens
1429 2811 1621 2850 sententia
1649 2821 1749 2850 nova
1778 2809 1911 2878 aliqua

299 2870 367 2909 aut
396 2868 517 2909 simili
557 2881 597 2908 rc
641 2870 772 2910 addita
812 2870 951 2910 certior
990 2869 1034 2909 fit
1066 2869 1135 2908 aut
1163 2866 1445 2937 amplificatur.
1491 2867 1551 2908 So.
1581 2867 1641 2907 El.
1673 2867 1754 2907 910
1793 2861 1913 2921 κάγώ

299 2921 380 2980 μὲν
410 2919 485 2965 οὐκ
525 2920 700 2980 ἔδρασα,
742 2919 862 2967 τουτ’
895 2921 1150 2979 ἐπίσταμαι,
1180 2917 1274 2965 οι·’δ
1308 2917 1362 2965 αὖ
1393 2936 1456 2965 συ.
1506 2924 1561 2966 of.
1582 2925 1640 2965 Ai.
1660 2924 1779 2965 1116.
1810 2926 1910 2967 Cum
