2144 3412
979 228 1265 271 -34-

307 363 508 416 reliquum
550 364 608 402 est
650 362 691 402 in
734 372 892 402 umero:
935 361 983 402 cf.
1013 360 1110 402 Mitt.
1142 361 1219 401 ath.
1250 360 1285 400 V
1316 358 1429 413 251),
1470 372 1492 403 e
1531 372 1722 402 marmore
1763 359 1926 400 candido

310 439 461 486 factus,
513 438 553 476 in
597 436 683 476 vico
728 430 925 489 Χαϊδοὶρι
966 436 1068 476 inter
1113 435 1286 476 Athenas
1341 437 1379 475 et
1421 434 1581 487 Daphni
1625 436 1699 475 sito
1751 433 1926 475 effossus.

310 511 530 552 Anathema
560 510 782 550 dedicatum
812 509 935 550 fuisse
968 508 1140 562 Apollini
1171 508 1312 560 Pythio
1343 520 1388 549 ex
1418 508 1514 562 loco,
1545 521 1619 562 quo
1650 511 1827 561 repertus
1857 510 1927 555 est,

313 596 497 638 apparere
527 586 655 637 potest
684 595 809 636 neque
839 584 969 624 minus
999 595 1044 624 ex
1074 583 1258 624 lemmate
1287 595 1311 623 a
1331 583 1360 624 G
1391 583 1441 623 ad
1474 582 1553 624 138
1584 584 1715 624 addito
1747 577 1922 636 ὁμοίως,

314 661 352 701 h.
383 671 416 700 e.
449 651 659 713 ἀνάθημα
688 654 752 714 τᾷ
787 650 1039 699 Ἀπόλλωνι
1071 656 1138 711 (cf.
1171 657 1316 698 lemma
1355 658 1405 698 ab
1447 658 1481 698 A
1512 658 1688 698 additum
1729 658 1778 697 ad
1814 655 1923 710 137).

311 735 440 786 Atque
473 745 518 773 ex
547 732 764 774 litterarum
794 732 929 773 formis
959 731 1201 772 concluserat
1221 731 1437 779 Kirehhoff,
1468 730 1638 783 lapidem
1669 733 1770 772 inter
1790 730 1849 773 Ol.
1870 730 1924 771 80

310 809 348 848 et
389 807 442 848 83
484 804 709 862 (460s447)
755 818 841 848 esse
884 807 1076 854 incisum;
1121 818 1197 859 qua
1241 807 1288 847 de
1333 817 1450 846 causa
1493 817 1626 846 omnes
1671 817 1759 846 eum
1801 806 1925 846 secuti

311 883 544 923 Anacreonti
592 882 667 924 hoc
714 883 956 934 epigramma
1003 882 1124 922 tribui
1173 892 1286 932 posse
1335 882 1583 933 negaverant.
1656 879 1731 920 Sed
1782 881 1928 920 rectius

311 957 584 998 animadvertit
623 956 784 1009 Lolling
814 956 880 1007 (cf.
910 955 1008 997 Mitt.
1038 955 1118 998 ath.
1148 955 1173 996 1.
1205 968 1234 996 c.
1265 968 1301 1009 p.
1333 954 1416 995 253
1446 955 1534 996 adn.
1566 952 1610 1006 3)
1641 954 1786 995 saeculi
1828 954 1927 994 sexti

313 1043 400 1072 esse
430 1031 598 1073 titulum.
658 1031 705 1072 In
736 1031 835 1072 stela
866 1032 970 1072 enim
1000 1031 1151 1083 Lyseae
1181 1031 1363 1071 manibus
1391 1030 1517 1082 posita
1547 1029 1607 1079 (C.
1638 1029 1670 1070 I.
1700 1030 1743 1068 A.
1774 1029 1793 1069 1
1824 1027 1926 1079 468)

318 1090 391 1160 Α,
425 1108 468 1148 in
504 1106 616 1147 titulo
658 1118 748 1147 arae
778 1106 972 1160 Apollinis
1002 1105 1134 1158 Pythii
1164 1118 1188 1146 a
1218 1104 1423 1146 Pisistrato
1455 1105 1624 1156 Hippiae
1662 1104 1815 1155 tyranni
1845 1102 1927 1143 filio

316 1194 516 1234 dedicatae
547 1193 605 1242 (O.
626 1193 656 1233 Ι.
678 1194 724 1233 A.
745 1192 802 1232 IV
832 1191 996 1245 [Suppl.]
1030 1191 1111 1232 373
1135 1203 1156 1232 e
1186 1209 1243 1225 =
1270 1191 1390 1232 Thuc.
1421 1190 1477 1231 VI
1500 1190 1570 1239 54)
1612 1168 1657 1232 Α
1695 1192 1856 1239 tantum,
1885 1189 1926 1229 in

313 1268 473 1309 hermae
517 1267 800 1319 epigrammate
843 1268 1110 1307 Anaereonteo
1155 1268 1320 1318 utraque
1364 1265 1488 1306 forma
1532 1266 1738 1305 invenitur.
1798 1263 1927 1304 Huius

312 1343 434 1395 igitur
462 1341 606 1394 lapidis
636 1343 744 1382 aetas
774 1341 824 1381 ad
854 1340 1008 1381 illorum
1032 1342 1199 1382 aetatem
1230 1352 1356 1381 nonne
1386 1341 1558 1392 proxime
1579 1339 1758 1380 accedit?
1788 1337 1928 1378 Omnia

314 1419 444 1458 autem
475 1428 565 1458 cum
598 1417 742 1469 optime
773 1417 998 1468 congruant,
1027 1415 1268 1463 lemmatum,
1298 1426 1398 1467 quae
1428 1415 1470 1455 in
1501 1415 1634 1454 codice
1663 1412 1840 1453 Palatino
1869 1412 1928 1452 in·

314 1493 532 1540 veniuntur,
562 1491 724 1531 minime
754 1491 892 1531 deesse
920 1490 1039 1531 fidem
1070 1490 1265 1542 quandam
1294 1489 1396 1530 illud
1427 1489 1644 1540 exemplum
1675 1489 1771 1528 satie
1801 1487 1925 1527 docet.

314 1566 548 1607 Anacreonti
578 1566 700 1618 igitur
735 1565 960 1605 abiudicare
991 1564 1123 1605 nolim.
1163 1565 1290 1606 Versu
1319 1565 1445 1616 primo
1474 1557 1524 1617 μ’
1557 1563 1690 1603 intulit
1718 1562 1924 1603 librarius:

315 1642 424 1681 deest
453 1641 495 1681 in
514 1640 667 1693 lapide;
699 1651 815 1680 versu
836 1640 1005 1680 secundo
1035 1633 1227 1680 ἕστασαν
1255 1631 1309 1679 θ’
1342 1640 1388 1687 A,
1419 1631 1664 1679 §ovdaava'
1696 1637 1725 1678 Ο
1745 1637 1927 1689 praebet:

316 1707 558 1756 &oviaava'
592 1713 747 1756 Kaibel.

434 1806 515 1847 139
548 1807 620 1855 (=
653 1806 733 1847 105
764 1805 826 1856 Β.)

437 1895 691 1945 Anaxagoras
722 1894 781 1933 est
800 1892 1001 1944 Aegineta‚
1032 1893 1099 1944 qui
1130 1892 1235 1933 Iovis
1264 1893 1431 1932 statuam
1461 1904 1622 1933 aeneam
1653 1892 1789 1932 decem
1818 1891 1932 1932 ulnas

318 1968 438 2009 altam
467 1967 562 2008 fecit
591 1965 725 2021 (Paus.
745 1967 781 2007 V
802 1966 868 2016 23,
891 1966 913 2006 1
937 1984 993 2000 =
1013 1965 1225 2014 Overbeck‚
1256 1966 1294 2007 S.
1316 1967 1357 2016 Q.
1381 1965 1476 2007 433.
1508 1965 1621 2016 434),
1651 1978 1769 2018 quam
1789 1965 1930 2007 Graeci

319 2045 405 2096 post
443 2053 617 2095 pugnam
660 2041 929 2082 Plataeensem
960 2040 1163 2093 Olympiae
1205 2042 1492 2082 dedicaverunt
1551 2041 1634 2081 Hoc
1673 2043 1804 2082 autem
1846 2042 1931 2081 tum

319 2120 470 2158 tantum
502 2117 538 2157 ei
567 2116 745 2156 mandari
775 2116 910 2168 potuit,
942 2127 1032 2156 cum
1062 2117 1188 2156 aetate
1217 2115 1461 2168 aliquantum
1500 2117 1704 2168 provectus
1744 2115 1931 2156 maiorem

320 2193 417 2232 artis
448 2203 542 2232 suae
572 2191 792 2242 opinionem
822 2190 926 2242 apud
965 2189 1132 2231 Graecos
1173 2191 1350 2231 obtinuit,
1409 2190 1492 2231 Hoc
1530 2191 1668 2243 igitur‘
1691 2191 1932 2242 epigramma

320 2266 553 2307 Anacreonti
581 2277 652 2305 nos
680 2266 776 2305 item
804 2265 977 2305 tribuere
1015 2266 1169 2316 tempus
1210 2266 1373 2305 minime
1411 2267 1525 2305 vetat.
1584 2264 1783 2304 Donorum
1822 2263 1931 2304 dedi-

323 2342 465 2382 eatoris
496 2342 534 2381 et
561 2340 804 2381 fabricatoris
840 2340 1008 2388 nomina,
1048 2351 1098 2380 ne
1137 2339 1290 2391 fugiant
1329 2339 1446 2380 hosce
1487 2351 1624 2380 versus
1653 2338 1860 2391 legentem,
1890 2338 1933 2378 in

322 2417 434 2456 initio
466 2417 503 2456 et
531 2414 609 2455 fine
637 2415 845 2466 ponuntur.

440 2507 520 2548 140
552 2506 627 2558 (=
658 2505 739 2547 106
770 2505 844 2560 B.).

438 2593 657 2634 Anathema
678 2594 749 2645 est,
770 2594 871 2645 quod
891 2592 1116 2634 Melanthus
1136 2593 1293 2635 Baccho
1315 2594 1470 2635 dedicat
1488 2592 1635 2649 μνῆμα
1652 2589 1783 2649 χοροῦ
1805 2586 1934 2646 νίκης.

325 2668 580 2721 Epigramma
618 2668 874 2708 Anacreontis
915 2679 1001 2708 esse
1039 2680 1116 2709 non
1155 2670 1292 2720 potest.
1349 2667 1503 2709 Nomen
1534 2669 1638 2708 enim
1663 2660 1934 2723 Ἀρηΐφιλος,

326 2743 368 2782 id
398 2742 500 2794 quod
529 2753 594 2782 me
623 2743 753 2782 monet
782 2740 1071 2784 Wilamowitzii
1108 2743 1329 2791 auetoritaS,
1368 2754 1392 2783 a
1422 2744 1571 2783 vetusto
1602 2742 1838 2783 Graecorum
1866 2753 1934 2793 ap-

326 2815 547 2867 pellationis
576 2827 682 2856 more
718 2817 873 2857 omnino
914 2816 1114 2864 abhorret:
1154 2817 1312 2858 nomina
1349 2818 1505 2869 propria
1544 2829 1590 2858 ex
1621 2818 1730 2869 epieo
1759 2827 1935 2857 sermone

327 2891 447 2943 petita
477 2888 603 2943 (velut
641 2890 707 2931 hic
750 2902 797 2931 ex
835 2883 1070 2947 ἀρηΐφιλος
1110 2891 1272 2932 heroum
1315 2891 1484 2943 epitheto
1523 2891 1738 2943 homerico)
1768 2891 1936 2932 recentis

329 2966 485 3006 demum
515 2966 699 3016 temporis
727 2967 882 3017 propria
910 2968 1010 3006 sunt.
