2144 3412
906 261 1191 304 -67-

244 386 381 459 δίτη.
436 383 748 458 ,πλεξάμεναι
768 382 1005 444 στεφάνους
1023 381 1210 436 εὐώδεας
1231 381 1370 429 ἄνθεα
1389 382 1512 441 γαίης
1532 378 1586 427 ἀν
1614 382 1780 453 κεφαλῇ
1783 396 1852 425 σιν

243 443 398 489 ἔθεντο
426 442 543 498 θεαί,
572 448 612 487 et
639 446 679 489 h.
709 447 822 487 Hom.
851 446 908 487 VI
938 445 992 486 42
1022 447 1069 486 de
1098 457 1197 486 nave
1225 444 1509 498 Tyrrhenorum
1543 439 1733 497 σκαλμοὶ
1757 455 1850 483 στε-

245 478 616 603 ἴίᾰᾝὲξὲἕέᾆὲ
637 505 895 612 {frm‘gssma
885 505 1016 611 ⁶³33?
1033 504 1194 612 ῧῗωέιὲ
1213 498 1854 623 ’ἒὲἓφῗῖῗὲῗξέᾚοὲἷῧῗῑιὲἰ

245 619 308 673 (fr.
340 619 474 667 54,1:
505 619 551 660 cf.
582 621 810 659 Anacreont.
841 618 908 666 40,
930 618 979 666 5;
1008 617 1076 665 42,
1099 616 1181 670 15).
1241 616 1567 684 στεφανοῦσθαι
1612 617 1659 656 de
1700 627 1754 666 eo,
1784 615 1850 667 qui

244 679 455 724 coronatur,
485 677 635 728 primus
676 677 798 716 utitur
836 676 1038 716 Anacreon
1068 675 1132 722 (fr.
1162 674 1227 722 41,
1249 674 1274 714 2
1308 670 1656 728 Μεγίστης..
1688 684 1852 727 στεφα-

244 734 390 775 νοῦται
419 728 563 800 λύγῳ),
604 735 642 773 et
680 736 766 785 post
805 745 894 774 eum
934 731 1138 773 Pindarus.
1197 730 1350 772 Nomen
1388 734 1518 772 autem
1557 743 1674 771 suum
1703 730 1856 781 accepit

244 803 391 839 corona,
421 793 515 844 quia
544 792 660 843 eaput
688 791 914 832 citeumdat.

358 844 520 899 τίλλω.]
580 848 786 899 Significat
822 859 998 914 quoque
1006 841 1197 887 ‘ludibrio
1237 845 1408 912 aliquem
1453 856 1605 894 vexare,
1649 837 1854 885 cavillari’.

247 906 310 948 Et.
329 907 382 947 M.
403 905 497 953 713,
514 905 544 949 9
575 900 737 945 τίλλειν
756 901 806 945 δὲ
835 901 886 945 τὸ
906 899 1137 954 σκώπτειν,
1165 897 1226 952 ὡς
1245 899 1358 956 λέγει
1369 896 1618 956 Ἀνακρέων
1638 901 1701 955 (fr.
1725 901 1776 942 13
1788 902 1854 953 b)-

248 955 374 1012 οὗτος
402 937 521 1004 δεῦτε
552 993 562 1003 .
594 994 603 1002 .
635 993 645 1002 .
675 957 811 1003 τίλλει
842 993 852 1002 .
884 992 894 1002 .
925 992 936 1002 .
967 991 977 1002 .
1027 961 1124 1002 Eius
1153 961 1272 1001 verba
1300 971 1537 1013 quamquam
1565 962 1646 1000 tam
1676 961 1856 1011 corrupta

244 1021 439 1074 leguntur.
469 1024 512 1060 ut
542 1020 684 1071 corrigi
716 1031 792 1060 non
821 1020 982 1071 possint,
1023 1020 1154 1058 tamen
1183 1029 1259 1083 quo
1290 1029 1407 1057 sensu
1438 1017 1511 1058 hoc
1541 1016 1730 1057 vocabulo
1759 1028 1856 1056 usus

247 1079 311 1123 sit,
350 1081 498 1118 certum
542 1079 609 1117 est.
670 1076 851 1117 Genuina
879 1078 1011 1116 autem
1055 1084 1143 1115 cum
1187 1075 1226 1114 vi
1256 1075 1380 1114 utitur
1418 1076 1460 1114 in
1490 1074 1535 1114 fr.
1567 1075 1633 1122 21,
1665 1073 1689 1114 9
1719 1068 1857 1127 κόμην

245 1130 435 1202 πώγωνά
472 1127 512 1174 τ’
546 1130 855 1201 ἐκτετιλμένος.
891 1155 943 1162 -
985 1132 1039 1173 Of.
1070 1132 1162 1172 Hes.
1192 1126 1352 1171 τίλλει·
1383 1125 1589 1200 ἀνασπᾷ·
1621 1127 1858 1186 μέμφεται.

245 1188 485 1259 διαβάλλει.
543 1185 845 1232 ἀποσκώπτει.
895 1185 1144 1243 τιλλομένη·
1187 1185 1507 1244 λοιδορουμένη.
1580 1189 1641 1229 Ita
1691 1188 1856 1228 Romani

246 1242 469 1291 vellicare'
500 1249 781 1289 adhibuerunt:
820 1247 898 1289 Cic.
928 1246 1042 1287 Balb.
1073 1246 1149 1287 26:
1188 1258 1302 1288 more
1330 1244 1547 1288 hominum
1576 1245 1780 1296 invident,
1809 1244 1859 1287 in

245 1306 448 1349 conviviis
490 1304 659 1356 rodunt,
703 1305 750 1346 in
792 1302 965 1346 circulis
1004 1302 1227 1354 vellicant,
1275 1303 1526 1346 Hor.eat.1
1559 1303 1623 1352 10,
1644 1303 1720 1344 79:
1761 1315 1858 1345 men

242 1365 527 1406 moveat..
559 1364 638 1405 aut
666 1361 837 1412 cruciet,
876 1360 988 1415 quod
1026 1360 1191 1403 vellicet
1218 1359 1432 1403 absentem
1459 1359 1743 1403 Demetrius?

358 1414 519 1475 ύμνος.]
550 1421 666 1473 Apud
695 1421 976 1460 Anacreontem
998 1420 1046 1460 de
1075 1418 1235 1470 lugubri
1281 1431 1408 1488 uoque
1437 1418 1633 1459 cantilena
1650 1419 1857 1460 invenitur.

250 1480 308 1521 Cf.
337 1478 458 1519 schol.
487 1477 630 1518 Townl.
652 1480 696 1518 N
715 1476 797 1517 227
827 1473 975 1544 μέλλει
996 1472 1060 1546 δὴ
1088 1472 1217 1530 φίλον
1245 1489 1358 1518 ειναι
1385 1471 1618 1544 υπερμενέι
1631 1470 1855 1545 Κρονίωνι

247 1531 489 1604 νωνύμνους
547 1527 799 1603 ἀπολέσθαι
862 1527 945 1575 ἀπ
996 1529 1185 1587 ’Ἀργεος
1243 1526 1399 1575 ἐνθάδ’
1459 1527 1684 1585 Ἀχαιούς·
1743 1530 1859 1582 τινὲς

249 1587 534 1649 ἆθρηνήτους·
565 1586 697 1646 ὕμνον
726 1588 806 1659 γὰρ
835 1605 910 1632 και
935 1585 1184 1660 Ἀνακρέων
1213 1589 1289 1633 τὸν
1307 1586 1475 1647 θρῆνόν
1495 1602 1628 1647 φησιν
1656 1590 1723 1642 (fr.
1747 1589 1858 1644 171).

251 1651 539 1693 Grammaticus
567 1651 688 1702 igitur
718 1645 934 1703 νώνυμνος
962 1661 1032 1701 per
1059 1643 1193 1702 ὕμνος
1222 1650 1478 1701 compositum
1509 1661 1594 1690 esse
1622 1648 1722 1689 falso
1750 1650 1859 1689 ratus

249 1709 347 1750 haec
383 1709 591 1776 adnotavit.
659 1706 835 1748 Eandem
876 1708 953 1748 vim
993 1707 1111 1748 habet
1149 1707 1291 1747 Aesch.
1331 1706 1435 1773 Sept.
1473 1706 1556 1748 840
1585 1706 1694 1774 (dux
1733 1705 1858 1774 chori)

253 1759 364 1807 ἀλλὰ
385 1762 466 1834 γάρ
486 1757 635 1820 ήκουσ’
659 1757 753 1831 αἵδ’
778 1760 854 1805 ἐπὶ
876 1764 1045 1831 πρᾶγος
1065 1760 1224 1834 πικρὸν
1247 1758 1473 1831 ’Λντιγόνη
1503 1757 1542 1805 τ’
1574 1756 1647 1819 ἠδ’
1674 1757 1857 1861 Ἰσμήνη,

243 1823 408 1892 θρῆνον
429 1792 659 1891 ἀδελφοῖν·
682 1814 760 1862 οὐκ
780 1814 1039 1890 ἀμφιβόλως
1060 1813 1187 1875 οἶμαί
1204 1814 1288 1890 σφ’
1312 1817 1475 1890 ἐρατῶν
1491 1818 1540 1863 ἐκ
1559 1816 1860 1890 βαθυκόλπων

248 1877 449 1949 στηθέων
478 1874 614 1948 ήσειν
629 1874 761 1947 ἄλγος
791 1874 990 1946 ἐπάξιον.
1021 1874 1134 1947 ἡμᾶς
1164 1875 1213 1920 δε
1242 1874 1313 1920 δίκ
1287 1893 1339 1978 κη
1370 1874 1584 1934 πρότερον
1613 1873 1815 1948 φήμης
1783 1874 1860 1919 τὸν

249 1933 516 1979 δυσκέλαδόν
559 1930 614 1979 θ’
658 1930 792 1990 ύμνον
829 1929 1040 2005 Ἐρινύος
1058 1932 1197 1987 ἰαχεῖν
1233 1929 1308 1978 ’Λί
1337 1950 1365 1977 α
1404 1930 1448 1977 τ’
1495 1933 1658 1992 ἐχθρόν
1700 1929 1857 1977 παιᾶν’

248 1992 533 2064 ἑπιμέλπεινς
573 1994 681 2036 Pers.
722 1994 803 2035 617
847 1986 962 2044 ἀλλ’,
1009 1985 1044 2033 ὦ
1087 1989 1223 2049 φίλοι,
1262 1994 1412 2045 χοαῖσι
1452 1991 1608 2035 ταῖσδε
1651 1989 1860 2050 νερτέρων

246 2047 404 2107 ύμνους
434 2049 736 2108 ἐπευφημεῖτε.

360 2110 496 2151 Placet
539 2110 637 2150 mihi
681 2108 754 2149 hoc
797 2108 882 2149 loco
922 2107 1031 2149 aliud
1076 2119 1229 2178 quoque
1271 2108 1504 2149 vocabulum
1548 2120 1860 2149 commemorare.

248 2167 356 2209 Eust.
388 2167 510 2216 1329,
541 2166 616 2208 32:
658 2179 733 2207 και
773 2163 857 2222 μὴν
888 2179 912 2206 ο
938 2158 1186 2233 Ἀνακρέων
1227 2165 1291 2216 (fr.
1325 2166 1424 2218 156)
1453 2179 1530 2235 την
1557 2161 1709 2207 τοιαύτ
1789 2165 1860 2210 (so.

246 2224 556 2275 meretriculam)
586 2217 634 2266 οὗ
665 2218 779 2264 πάνυ
809 2221 1027 2291 σφοδρῶς,
1058 2216 1169 2263 ἀλλὰ
1203 2234 1584 2291 περιεσκεμμενως
1614 2237 1705 2265 παν
1735 2218 1862 2264 οσίαν

247 2276 442 2325 ὠνείδισε
471 2278 546 2323 καὶ
576 2276 800 2337 λεωφόρον
830 2277 906 2322 καὶ
939 2275 1197 2334 πολύυμνον.
1259 2275 1506 2334 πολύυμνος
1545 2282 1690 2322 dieitur
1717 2282 1764 2329 is,
1793 2281 1861 2334 qui

247 2340 391 2382 multos
429 2340 596 2392 hymnos
634 2339 760 2386 habet,
806 2337 974 2379 multum
1006 2338 1170 2406 hymnis
1212 2337 1441 2379 celebratur.
1490 2338 1530 2379 h.
1561 2338 1674 2380 Hom.
1704 2338 1811 2379 XXV
1832 2338 1858 2379 7

248 2393 398 2439 ἐπειδι
430 2392 555 2438 τόνδε
583 2393 688 2438 θεαὶ
719 2390 969 2449 πολύυμνον
999 2390 1203 2448 ἔθρεψαν
1244 2394 1491 2449 (Bacchum),
1534 2396 1625 2437 item
1657 2395 1751 2437 Eur.
1779 2395 1862 2436 Ion.

251 2454 360 2496 1074
389 2451 464 2495 τὸν
504 2449 750 2508 πολύυμνον
787 2451 997 2505 θεόν’ὗ).
1057 2453 1113 2494 Gi.
1153 2454 1218 2494 Ar.
1253 2465 1311 2506 eq.
1347 2452 1455 2494 1327
1499 2453 1602 2503 ταῖς
1644 2446 1861 2509 ’Λθήναις

343 2616 404 2654 25)
428 2615 479 2646 Ex
503 2614 567 2646 hoc
590 2614 643 2646 dei
668 2624 733 2654 qno
770 2613 1000 2655 appellabatur
1035 2615 1231 2654 cognomine
1265 2618 1364 2645 enata
1395 2617 1445 2646 eet
1478 2614 1677 2656 Polyhymni
1709 2623 1863 2655 persona,

252 2661 309 2701 qui
332 2661 430 2693 deum
463 2660 505 2692 ad
529 2660 651 2691 infero·
676 2660 912 2693 descensurum
937 2665 969 2691 et
993 2661 1066 2692 viae
1091 2661 1241 2699 ignarum
1269 2659 1331 2691 iter
1353 2660 1603 2699 ingrediendum
1629 2660 1743 2692 docuit
1765 2663 1799 2692 et
1822 2670 1862 2692 ex

252 2707 323 2738 eine
362 2706 515 2738 manibus
539 2715 694 2739 eoronam
729 2716 749 2738 a
785 2706 912 2738 Venere
945 2706 1055 2737 datam
1090 2707 1234 2745 accepit,
1270 2715 1310 2737 ne
1345 2710 1546 2738 mortuorum
1581 2706 1779 2747 contagione
1812 2707 1863 2737 in-

249 2752 440 2792 quinaretur
473 2750 612 2794 (Hygin.
648 2756 773 2784 astron.
807 2753 840 2784 11
865 2751 912 2793 ὅ).
960 2752 1010 2784 Cf.
1046 2752 1144 2783 etium
1180 2752 1400 2791 Paradoxogr.
1439 2753 1529 2794 2283
1564 2756 1734 2793 praeterea
1757 2750 1861 2784 clem.

250 2800 345 2831 Alex.
373 2798 536 2838 Protropi.
565 2807 597 2838 p.
627 2798 670 2830 ⁸5
705 2798 771 2830 Din
774 2798 806 2831 d.
839 2796 898 2840 (=
927 2799 994 2829 Aru
998 2798 1050 2829 o.b
1084 2798 1160 2829 adv.
1193 2802 1258 2829 n.at
1290 2797 1319 2827 V
1349 2799 1419 2837 28),
1456 2797 1512 2830 ubi
1545 2798 1632 2831 idem
1667 2798 1718 2830 dei
1754 2807 1863 2830 comes

251 2842 507 2887 Πρόσυμνοςιι
487 2845 693 2875 nominatur.
729 2854 762 2878 v.
798 2853 928 2885 quoque
973 2853 1029 2875 ero
1031 2853 1083 2875 um
1129 2844 1273 2875 noietabl
1276 2853 1307 2874 m
1341 2843 1383 2875 de
1430 2844 1553 2876 Bacchi
1600 2844 1751 2885 promissi
1787 2844 1863 2876 duci

250 2889 319 2922 dati
353 2890 516 2922 solutione
553 2889 772 2922 narrationem
817 2890 873 2932 (de
907 2900 972 2930 qua
1006 2890 1075 2930 egit
1111 2889 1173 2921 We
1176 2890 1278 2928 ieker,
1309 2898 1359 2929 gr.
1395 2888 1535 2923 Gemi-L
1571 2890 1604 2922 11
1629 2888 1722 2934 ⁶⁶1).
1773 2890 1863 2922 Dens

248 2936 319 2990 ipae
342 2935 482 2974 Lernae,
504 2934 561 2967 nbi
585 2934 628 2966 ad
651 2935 684 2966 in
687 2935 775 2968 taron
798 2935 1008 2968 descendisse
1032 2935 1086 2967 dic
1087 2935 1186 2967 cubat
1188 2945 1214 2973 r,
1276 2944 1318 2967 ιιι
1351 2944 1390 2966 cu
1371 2945 1423 2967 um
1448 2935 1580 2979 Cerere,
1616 2946 1714 2976 quam
1748 2933 1861 2977 Προσ-

250 2991 394 3026 ”il-mn
373 2982 661 3014 nominatameaee
682 2980 862 3014 Pausaniae
886 2982 963 3014 dicit
987 2982 1033 3024 (11
1061 2983 1116 3022 87,
1138 2982 1181 3022 ι),
1205 2991 1277 3022 my·
1252 2946 1370 3013 ¹:teriia
1402 2981 1512 3014 celebr
1513 2982 1630 3014 abatur
1654 2980 1865 3026 (camb-1,

1531 3038 1590 3079 5*
