2144 3412
316 381 458 421 Aescb.
489 382 562 430 Ag.
585 379 666 419 962
689 373 871 419 ἔπαισεν
901 373 1074 445 ἅφανον
1097 374 1219 431 ἕρμα,
1252 379 1363 419 Ειιιιι.
1386 379 1468 420 554
1499 373 1561 421 δι’
1593 376 1749 429 αἰῶνος
1779 377 1828 420 δὲ
1846 376 1925 422 τὸν

319 434 425 491 πρὶν
467 432 597 488 ἰὶλβον
638 431 792 489 ἕρματι
839 432 1103 487 προσβαλών
1146 432 1272 484 δίκας
1313 430 1444 476 ὄλετ’
1478 432 1731 487 ἄκλαυστος,
1777 429 1923 493 ᾇστος.

315 494 426 535 Alios
468 505 578 545 porro
620 494 793 533 nominat
835 493 1020 559 Harpocr.
1063 489 1197 562 ἕρμα·
1239 488 1404 547 ἱίραλος
1433 491 1543 563 πέτρ
1545 508 1585 535 α.
1628 488 1849 562 Ἀντιφῶν
1879 489 1926 535 ἐν

315 552 365 606 τῇ
386 548 499 617 πρὸς
521 545 717 590 Καλλιόι
737 546 923 601 ἔνδειξεν
944 543 1163 618 απολογίᾳ
1184 550 1246 600 (fr.
1268 550 1317 590 18
1337 550 1435 602 Blm)
1465 546 1557 591 ἔστι
1578 549 1627 591 δε
1643 546 1831 604 τοῦνομα
1850 547 1926 591 καὶ

318 607 439 661 παρὰ
466 600 746 659 Ἀνακρέοντι
769 607 810 654 (l.
832 611 879 656 c)
899 603 972 647 καὶ
994 603 1039 647 ἐν
1042 604 1282 674 Ι“νρυτάὸῃ
1308 600 1654 663 Ἀριστοφάνοις
1684 609 1722 661 (Ι
1743 607 1825 648 433
1850 607 1924 660 Κ..)

317 666 373 706 Cf.
406 664 517 704 Phot
548 676 577 704 s.
609 677 642 702 v.
675 667 712 703 et
742 663 850 703 Suid.
881 676 911 706 s.
942 658 1088 716 ἕρμάν.
1148 663 1353 704 Praeterea
1394 676 1482 705 cum
1521 665 1595 706 hac
1624 668 1661 705 vi
1693 665 1923 706 vocabulum

325 723 520 761 invenitur
550 722 640 761 Her
672 721 749 761 VII
783 720 875 770 183,
904 721 1022 761 Thuc.
1054 721 1132 761 VII
1163 721 1228 768 25,
1258 720 1354 762 Plat.
1385 723 1477 774 reip.
1508 722 1607 764 VIII
1637 722 1766 763 553b.

434 774 634 845 ἕτοιμος]
695 778 739 817 fr.
772 777 838 823 43,
866 753 893 818 6
935 774 1008 818 καὶ
1037 775 1118 831 γὰρ
1150 773 1325 831 ἕτοιμον
1353 774 1592 831 καταβαντι
1623 780 1694 830 (sc.
1726 776 1771 829 ἐς
1806 774 1923 831 Τάρ-

314 836 464 890 ταρον)
495 833 554 890 μὴ
583 829 807 887 αναβῖν.αι
867 835 938 874 Est
979 835 1092 879 illud
1131 837 1234 888 quod
1266 835 1443 876 Catullus
1474 837 1569 877 dicit
1598 832 1819 885 3,11:‘it
1842 848 1927 889 per

315 893 397 934 iter
428 891 726 934 tenebricosum
757 891 870 941 illuc,
903 892 1018 933 unde
1058 894 1218 945 neqant
1246 892 1387 934 redire
1424 887 1705 947 quemquam'.
1763 893 1925 934 Locutio

313 951 508 1002 imprimis
537 950 640 1001 apud
661 951 809 989 Atticos
839 951 879 989 in
922 961 996 989 usu
1037 952 1095 989 est
1133 950 1185 998 (v.
1217 950 1484 990 Wilamowitz.
1515 951 1563 990 ad
1595 950 1687 992 Eur.
1717 951 1808 991 Her.
1839 950 1925 1018 86).

316 1007 372 1048 Of.
402 1007 509 1047 velut
537 1007 614 1048 Sol.
646 1007 682 1052 4,
715 1007 739 1046 7
773 997 889 1047 οἷσιν
919 1002 1094 1059 ἕτοιμον
1131 1001 1281 1059 ὕβριος
1321 1003 1369 1047 ἐκ
1400 1003 1586 1062 μεγάλης
1615 1002 1748 1060 ἄλγεα
1778 1003 1925 1048 πολλοὶ

317 1065 497 1105 παθεῖν.
541 1065 600 1115 Id,
631 1065 732 1116 quod
763 1066 914 1115 praesto
942 1068 1010 1114 est,
1050 1066 1165 1131 atque
1190 1076 1278 1104 cum
1309 1068 1486 1116 paratum
1518 1066 1577 1112 sit,
1603 1067 1735 1105 statim
1765 1065 1926 1117 ingruit,

314 1123 393 1189 iam
439 1122 541 1188 apud
582 1097 796 1161 Homerum
841 1124 919 1160 est:
973 1115 1128 1162 αὐτίκα
1169 1117 1249 1174 γάρ
1292 1135 1357 1161 τοι
1405 1117 1560 1162 ἔπειτα
1603 1115 1714 1175 μεθ’
1744 1117 1929 1175 Ἕκτορα

316 1174 486 1248 πότμος
515 1173 692 1245 ἑτοῖμος
724 1179 762 1218 Σ
788 1178 853 1218 96.

431 1231 645 1287 m‘.-'ommoj
676 1235 722 1276 fr.
755 1236 820 1282 21,
853 1235 876 1274 6
908 1230 1112 1287 κίβδηλον
1143 1229 1351 1288 ευρίσκων
1378 1231 1487 1287 βίον.
1531 1237 1638 1276 Haec
1660 1234 1837 1276 vocabuli
1867 1236 1930 1275 vis

315 1295 357 1333 in
387 1294 626 1333 carminibus
658 1293 781 1343 epicis
811 1292 981 1331 nondum
1013 1293 1156 1332 exstat:
1197 1293 1252 1332 ibi
1284 1294 1387 1333 enim
1419 1296 1477 1333 est
1509 1288 1717 1333 rationem
1746 1305 1793 1333 ac
1821 1293 1925 1332 viam

314 1351 501 1397 invenire,
532 1350 780 1399 investigare,
812 1350 1040 1400 excogitare
1082 1348 1187 1389 velut
1219 1350 1258 1389 Β
1289 1349 1382 1397 343,
1412 1365 1442 1403 ,ιι
1476 1349 1558 1390 393
1590 1345 1695 1417 οὐδέ1
1719 1363 1762 1390 τι
1791 1349 1931 1418 μῆχος

315 1403 541 1476 εἰρέμεναι
572 1402 838 1459 δυνάμεσθα,
881 1420 906 1445 τ
941 1406 1019 1446 158
1052 1399 1147 1445 οἴτε
1177 1399 1260 1446 τιν’
1292 1365 1440 1476 ἄλλην
1454 1408 1582 1460 μῗτιν
1621 1400 1695 1447 ἔθ’
1729 1402 1928 1460 εἱρίσκω.

318 1465 496 1505 Medium
519 1461 640 1503 ‘mihi
670 1465 833 1515 reperio,
864 1456 1071 1514 excogito':
1103 1477 1118 1503 ι
1140 1462 1221 1503 420
1253 1457 1389 1532 αὐτὰρ
1420 1461 1503 1531 ἐγώ
1530 1460 1734 1533 βούλευον
1764 1495 1774 1505 .
1806 1495 1816 1504 .
1849 1495 1858 1504 .
1890 1495 1923 1514 .,

318 1516 364 1562 εί
389 1517 474 1561 τιν’
509 1516 747 1589 ἑταίροισιν
776 1516 975 1587 θανάτου
1005 1515 1126 1560 λύσιν
1156 1513 1226 1560 ιδ’
1259 1516 1358 1574 ἐμοὶ
1388 1514 1503 1576 αὐτῷ
1532 1517 1756 1576 εἱροίμηνς
1777 1516 1929 1562 ‘incido

316 1572 388 1619 in':
420 1591 454 1632 (ρ
486 1578 568 1618 304
601 1569 648 1617 οἷ
676 1572 720 1617 δ’
767 1571 881 1631 αὐτῶ
911 1575 1045 1617 κακὸν
1087 1571 1245 1630 εὕρετο.
1283 1601 1335 1606 -
1380 1579 1455 1618 Hic
1492 1579 1679 1619 translate
1716 1580 1930 1631 usurpatur

316 1637 363 1676 de
408 1638 636 1682 Artemone,
688 1636 755 1701 qui
799 1635 931 1674 fallaci
986 1635 1098 1674 modo
1141 1636 1286 1675 victum
1338 1637 1413 1675 sibi
1440 1638 1668 1703 conquirit
1738 1635 1788 1676 Et
1839 1647 1926 1688 pcr-

315 1763 463 1802 ευρεν.
519 1781 529 1790 .
564 1743 784 1789 ὠκύτατον
813 1762 962 1802 γαμον,
993 1750 1034 1789 Π
1057 1749 1110 1788 64
1141 1743 1249 1789 ὅθεν
1279 1746 1400 1818 φαμὶ
1422 1747 1496 1791 καὶ
1527 1747 1577 1790 σὲ
1606 1746 1686 1790 τάν
1714 1743 1931 1802 ἀπείρονα

315 1804 449 1859 δόξαν
489 1802 641 1860 εὑρεῖν,
683 1806 725 1847 Ο.
766 1807 844 1846 VII
876 1806 928 1847 89
975 1803 1066 1857 πὺξ
1105 1799 1262 1858 ἅρεταν
1303 1803 1491 1874 ευρόντα,
1535 1808 1677 1848 Aesch.
1708 1807 1811 1859 Sept.
1842 1806 1926 1848 857

316 1862 498 1934 μελέους
529 1860 750 1912 θανάτους
778 1860 972 1931 ηἱροντο,
1003 1863 1063 1904 So.
1084 1863 1142 1903 'Pr
1165 1863 1247 1904 284
1279 1860 1327 1916 ἐξ
1348 1859 1508 1932 ὀλβίων
1536 1859 1697 1934 αζηλον
1726 1864 1927 1934 ευροῦσαι

314 1918 422 1975 βίον,
455 1923 499 1962 fr.
532 1921 584 1962 85
617 1935 672 1961 τα
709 1914 895 1976 χρι’ματ’
938 1914 1247 1989 ἀνθρώποισιν
1289 1917 1473 1976 ευρίσκει
1506 1918 1675 1990 φίλους,
1714 1913 1847 1970 αὖθις
1876 1917 1926 1962 δὲ

314 1976 458 2033 τιμάς,
503 1979 594 2019 Eur.
628 1978 773 2018 Phoen.
806 1978 887 2019 400
931 1973 1102 2046 πόθεντ
1120 1971 1164 2017 δ’
1199 1973 1396 2031 ἐβόσκου
1440 1994 1547 2034 πριν
1585 1992 1746 2033 γαμοις
1786 1973 1929 2031 ευρεῖν

316 2034 441 2090 βίον,
470 2037 573 2077 Med.
608 2036 716 2076 1107
747 2031 846 2084 ἅλις
875 2031 1028 2086 βίοτον
1059 2048 1191 2102 ευρον.

434 2088 663 2162 ἣνιοχεύω.]
724 2095 777 2134 Λ
819 2092 897 2133 103
942 2107 965 2132 ο
987 2089 1085 2161 μὲν
1124 2088 1263 2160 νόθοςε
1295 2087 1529 2159 ἡνιόχευεν,
1578 2094 1622 2134 Ψ
1655 2093 1735 2134 641
1783 2087 1806 2133 ὁ
1845 2088 1931 2145 μὲν

315 2147 509 2206 εζιιπεόον
539 2145 765 2206 ἡνιόχευεν
811 2146 836 2200 ζ
867 2150 948 2190 319
981 2164 1006 2205 η
1035 2146 1084 2190 δὲ
1113 2143 1213 2202 μάλ’
1244 2144 1476 2205 ἣνιόχευεν;
1517 2152 1555 2191 in
1598 2162 1776 2191 sermone
1805 2151 1929 2201 igitur

319 2211 428 2261 epioe
458 2208 636 2248 absolute
666 2211 818 2247 tantum
848 2208 1012 2258 ponitur,
1043 2202 1154 2257 ἔχειν
1196 2208 1244 2247 de
1285 2209 1396 2259 equis
1425 2209 1607 2259 regendis
1636 2208 1840 2247 transitive
1869 2207 1923 2246 ibi

316 2269 537 2317 usurpatur.
597 2265 694 2305 Cum
726 2266 907 2315 genetivo
938 2265 1186 2315 coniungitur
1214 2265 1317 2316 apud
1348 2267 1628 2305 Anacreontem
1659 2266 1704 2305 fr.
1736 2264 1774 2311 4,
1804 2264 1829 2303 4
1850 2263 1931 2319 τῆς

317 2320 422 2379 εμῆς
453 2322 594 2376 ψυχνς
624 2317 864 2388 ηνιοχεύεις,
896 2322 1049 2361 animae
1080 2333 1188 2361 meae
1219 2321 1391 2361 habenas
1421 2324 1460 2362 in
1483 2323 1664 2362 manibus
1684 2325 1805 2368 tenes,
1834 2321 1873 2361 h.
1894 2333 1927 2361 e.

317 2382 488 2421 animam
520 2391 648 2447 mecam
680 2380 795 2429 regis.
817 2378 905 2418 Plat
936 2377 1100 2418 Phaedr.
1122 2378 1241 2418 2461)
1273 2377 1450 2431 πρῶτον
1479 2393 1560 2432 μεν
1589 2376 1709 2434 ἡμῶν
1738 2373 1763 2419 ὁ
1785 2373 1928 2431 ι’ίρχων

317 2431 593 2490 ξυνωρίδοςζ
575 2435 749 2490 ηνιοχεῖ.
796 2436 989 2475 Abhorret
1017 2437 1138 2486 igitur
1167 2447 1190 2475 a
1220 2438 1390 2486 genuina
1420 2436 1597 2476 vocabuli
1629 2437 1794 2483 notione,
1825 2436 1929 2543 qumiy

319 2507 406 2535 cum
427 2495 649 2535 accusativo
671 2505 823 2560 quoque
843 2493 1093 2544 coniungitur
1113 2493 1219 2532 velut
1239 2493 1329 2533 Her.
1344 2494 1401 2534 IV
1420 2493 1530 2533 193.
1583 2488 1836 2561 .Ζαύηκες.

318 2543 434 2592 οἶσιν
480 2565 524 2591 αι
555 2550 751 2603 γυναῖκες
793 2544 1030 2604 γνιοχέουσι
1072 2564 1126 2590 τα
1167 2544 1343 2603 ᾇρματα
1384 2547 1429 2599 ἐς
1457 2547 1532 2590 τὸν
1563 2547 1675 2591 πολε
1695 2563 1774 2601 ιον
1820 2551 1931 2590 etin

316 2610 380 2649 his
403 2609 554 2649 duobus
576 2609 870 2659 epigrammatis
889 2608 1185 2647 recentissimis.
1217 2609 1262 2646 A.
1282 2607 1324 2646 Ρ.
1342 2609 1396 2649 IX
1413 2608 1493 2648 696
1518 2603 1651 2649 πόλιν
1670 2604 1931 2658 τνιοχεῦσαι,

317 2666 398 2706 779
433 2662 678 2732 συληθέντα
709 2660 848 2717 Δίκης
876 2660 1044 2717 θρόνου
1072 2659 1311 2719 ηνιοχεύων.

431 2718 680 2784 θωρήσσεο]
730 2721 860 2763 Schol.
891 2724 957 2761 Ar.
990 2721 1086 2761 Ach.
1121 2720 1228 2761 1132
1272 2753 1281 2762 .
1353 2715 1693 2787 ,θωρήξασθαί
1736 2716 1831 2761 ἐστι
1873 2732 1931 2760 το

317 2757 683 2820 καθοπλισθιναι
731 2779 851 2829 (hanc
891 2780 970 2818 vim
1012 2779 1114 2829 apud
1152 2778 1365 2818 Homerum
1405 2753 1560 2828 habet),
1600 2772 1712 2818 ἄλλα
1758 2773 1832 2818 καὶ
1874 2773 1931 2816 τὰ

318 2833 462 2878 πίνειν
493 2832 566 2875 καὶ
595 2849 646 2875 το
674 2836 950 2892 μεθυσθιναι
994 2830 1106 2877 ου’τω
1148 2833 1362 2882 καλοῦσιν,
1405 2830 1555 2890 ἕπειὸν
1587 2830 1744 2887 θώραξ
1772 2830 1848 2875 καὶ
1875 2829 1931 2874 τὸ

318 2890 491 2947 στῆθος
535 2892 599 2944 (cf.
630 2892 731 2934 Plat.
760 2893 857 2933 Tim.
889 2893 976 2933 690
1017 2889 1063 2933 ἐν
1106 2892 1201 2940 τοῖς
1242 2887 1451 2960 στήθεσι
1465 2889 1542 2932 καὶ
1582 2892 1645 2947 τῷ
1674 2886 1928 2958 καλουμένῳ

317 2923 506 3003 θώρακι,
538 2950 751 3001 Hippocr.).
794 2947 868 2990 διὰ
907 2947 958 2990 τὸ
997 2945 1251 3004 θερμαίνειν
1292 2941 1365 2989 οὖν
1404 2945 1454 2988 τὸ
1485 2949 1650 2998 (maog
1678 2943 1931 3003 θωρήσσειν
