2144 3412
921 237 1176 279 ..3-

244 370 470 422 Olympium
501 368 771 410 celebrandam
802 371 993 422 evocatur,
1036 369 1175 409 deinde
1217 380 1304 408 cum
1336 370 1576 408 Anacreonte
1619 371 1657 407 et
1685 367 1853 406 Pindaro

241 445 313 495 (or.
346 443 378 483 V
399 443 464 494 3):
494 437 637 494 ἔχαιρε
665 440 746 496 μὲν
771 435 1018 497 Ἀνακρέων
1046 437 1109 491 εἰς
1132 437 1440 494 Πολυκράτους
1472 437 1758 493 στελλόμενος
1778 438 1854 480 τὸν

243 514 379 572 μέγαν
427 511 698 560 Ξάνθιππον
743 513 1170 571 προσφθέγξασθαι·
1220 511 1297 572 ἡδὺ
1348 510 1392 556 δ’
1426 509 1476 571 ἦν
1524 513 1599 556 καὶ
1646 511 1852 568 Πινδάρῳ

248 591 509 645 προσειπεῖν
551 589 639 643 πρὸ
669 591 745 631 τοῦ
777 588 890 640 Διὸς
917 587 994 632 τόν
1016 585 1203 643 Ἱέρωνα,
1248 603 1336 632 cum
1378 590 1575 637 Alcmene,
1617 592 1681 643 qui
1724 590 1854 630 Iovem

244 665 440 718 Lycaeum
486 665 752 706 celebraturus
796 665 958 717 Spartae
1003 669 1039 706 et
1085 665 1232 706 Castori
1277 667 1314 705 et
1358 665 1509 705 Polluci
1555 677 1709 705 carmen
1754 664 1854 704 facit.

246 739 453 790 Quaeritur
483 740 575 792 quid
608 751 653 780 ex
673 741 748 780 hac
769 741 932 780 verbosa
960 740 1157 791 sophistae
1179 739 1457 780 declamatione
1478 739 1708 779 concludere
1729 738 1856 778 liceat.

244 813 305 854 De
334 814 533 854 Alcmanis
562 815 712 855 duobus
733 814 972 854 carminibus
1003 826 1089 854 esse
1121 814 1368 865 cogitandum
1390 816 1559 865 apparet,
1589 815 1629 854 in
1660 813 1856 853 Simonide

250 888 384 928 eadem
416 900 477 928 res
508 890 591 935 erit,
631 899 868 941 quamquam
907 889 1049 928 certius
1094 887 1244 939 aliquid
1290 889 1337 927 de
1383 899 1427 927 ea
1472 888 1548 927 dici
1591 899 1666 927 non
1697 889 1856 938 poterit;

247 961 407 1002 Pindari
439 962 496 1002 Ol.
527 963 547 1003 1
578 962 796 1002 Himerium
826 962 968 1002 intueri
990 961 1173 1002 Welcker
1203 973 1432 1013 persuasum
1454 961 1572 1001 habet
1603 961 1684 1013 (Kl.
1705 961 1855 1002 Schr.1

247 1034 359 1084 258),
403 1037 521 1076 verba
550 1038 679 1076 autem
710 1030 852 1090 ἔχαιρε
890 1057 942 1063 -
984 1031 1393 1089 προσφθέγξασθαι
1429 1035 1632 1076 referenda
1678 1047 1763 1075 esse
1808 1036 1855 1075 ad

247 1111 501 1151 Anacreontis
531 1121 687 1150 carmen
717 1108 931 1162 Polycratis
959 1108 1097 1149 laudes
1128 1111 1340 1156 continens,
1373 1110 1486 1150 cuius
1517 1110 1558 1149 in
1574 1110 1726 1150 exordio
1748 1111 1861 1161 poeta

249 1182 515 1236 Xanthippum
557 1183 748 1224 allocutus
787 1185 839 1224 sit
882 1182 947 1236 (cf.
979 1185 1104 1232 enim,
1149 1196 1247 1236 quae
1291 1185 1338 1224 de
1383 1179 1667 1237 στελλόμενος
1712 1184 1858 1224 ibidem

249 1257 432 1299 Welcker
461 1258 586 1309 dixit).
646 1258 810 1298 Carmen
839 1258 962 1310 igitur
1001 1269 1086 1298 esse
1117 1259 1280 1306 videtur,
1321 1258 1423 1310 quod
1464 1259 1504 1298 in
1535 1259 1687 1310 tyranni
1720 1259 1859 1298 mortui

248 1333 474 1372 memoriam
516 1331 617 1379 fecit,
659 1343 748 1372 cum
789 1331 963 1372 Athenas
1002 1344 1088 1373 sese
1129 1331 1366 1373 contulisset.
1427 1331 1566 1386 Neque
1607 1333 1647 1372 id
1685 1335 1859 1373 constare

250 1408 376 1458 potest
405 1418 451 1446 ex
479 1405 561 1446 illis
590 1407 744 1454 verbis,
764 1407 866 1458 quod
889 1405 1070 1447 Welcker
1098 1406 1220 1447 voluit
1250 1406 1295 1456 (1.
1327 1420 1369 1452 c..
1400 1410 1437 1447 et
1466 1409 1533 1459 qui
1566 1419 1654 1448 eum
1685 1409 1861 1459 seqnitur

250 1479 412 1521 Grusius
441 1479 466 1520 1.
497 1492 528 1520 c.
559 1492 594 1532 p.
627 1479 768 1532 2038),
810 1482 1091 1522 Anacreontem
1123 1482 1200 1521 iam
1230 1483 1320 1521 ante
1351 1480 1566 1534 Polycratis
1597 1484 1759 1522 mortem
1790 1492 1859 1533 per

245 1553 404 1607 aliquod
435 1558 589 1605 tempus
621 1555 786 1595 Athenis
816 1555 938 1595 fuisse
978 1556 1148 1608 indeque
1178 1555 1340 1596 Samum
1383 1557 1600 1598 revertisse.
1659 1558 1710 1596 At
1742 1556 1859 1596 huius

245 1629 455 1670 testimonii
486 1628 604 1669 fidem
642 1630 684 1669 in
728 1630 887 1669 dubium
920 1633 1031 1669 vocat
1070 1629 1328 1670 Wilamowitz
1359 1629 1455 1683 (ind.
1485 1629 1572 1670 lect.
1604 1630 1704 1671 Gott.
1740 1629 1860 1678 1889,

245 1715 281 1755 p.
314 1703 400 1751 22),
431 1704 498 1755 qui
530 1700 605 1743 τὸν
635 1700 802 1754 ξανθὸν
823 1699 1048 1758 Μεγίστην
1077 1716 1146 1755 pro
1168 1701 1245 1744 τὸν
1264 1700 1398 1758 μέγαν
1418 1699 1688 1749 Ξάνθιππον
1718 1717 1860 1756 ponere

250 1776 343 1817 vult.
402 1776 480 1818 Sed
511 1777 792 1829 proconsulem,
823 1779 871 1819 ad
892 1790 1008 1831 quem
1030 1781 1242 1820 orationem
1274 1780 1402 1828 habet,
1433 1792 1522 1820 cum
1553 1779 1721 1832 Megiste
1741 1791 1860 1832 puero

247 1851 448 1892 Himerius
477 1863 571 1892 num
602 1863 823 1904 comparare
854 1853 1006 1904 potuit?
1036 1852 1173 1906 Neque
1204 1865 1321 1894 causa
1352 1866 1437 1895 esse
1468 1855 1565 1895 mihi
1596 1855 1758 1903 videtur,
1791 1866 1861 1895 cur

247 1924 489 1966 offendamus
518 1927 559 1966 in
590 1938 645 1974 eo,
677 1928 778 1979 quod
810 1927 1011 1967 Himerius
1042 1939 1228 1981 magnum
1261 1940 1349 1969 eum
1391 1930 1564 1970 nominat
1593 1929 1859 1982 Xanthippum

246 1997 367 2053 (certe
396 2001 436 2039 in
459 2001 615 2040 modum
636 2001 899 2052 sophistarum
922 2002 1202 2054 grandiloquae
1224 2003 1539 2044 demonstrationi
1570 2003 1859 2056 indulgentium

246 2074 449 2114 veritatem
473 2063 683 2126 diligenter
703 2087 778 2115 non
799 2077 989 2126 servans),
1021 2088 1255 2129 quamquam
1276 2079 1429 2130 poetam
1458 2079 1501 2118 in
1532 2090 1576 2119 eo
1598 2079 1780 2125 carmine,
1809 2074 1859 2118 'ad

243 2147 346 2200 quod
375 2147 444 2189 ille
474 2149 641 2201 respicit,
673 2149 938 2202 Xanthippum
968 2151 1150 2191 iuvenem
1181 2151 1390 2193 allocutum
1425 2164 1509 2193 esse
1538 2155 1693 2205 tempus
1722 2141 1859 2193 do‘cere

248 2222 411 2263 videtur.
469 2222 547 2263 Sed
578 2223 651 2264 hoc
681 2236 756 2264 non
786 2236 908 2265 unum
939 2227 998 2266 est
1018 2227 1270 2266 Anacreontis
1292 2238 1459 2275 carmen,
1490 2228 1602 2268 cuius
1622 2228 1733 2268 testis
1753 2226 1860 2267 solus

245 2298 303 2337 est
332 2296 543 2338 Himerius.
587 2298 634 2338 In
664 2300 848 2339 orationis
868 2301 1004 2340 tertiae
1025 2301 1134 2340 initio
1157 2300 1347 2341 Basilium
1379 2303 1437 2341 sic
1467 2301 1695 2353 alloquitur:
1720 2301 1860 2359 (χαῖρε

246 2364 376 2424 φίλον
406 2366 519 2425 φάος
546 2366 735 2427 χαρίεντι
775 2371 971 2427 μειδιοῦν
1000 2370 1214 2427 (μειδιόον
1243 2375 1287 2426 1.)
1319 2369 1573 2430 npoouircqt'.
1615 2372 1748 2429 μέλος
1777 2370 1858 2429 γάρ

247 2457 291 2484 τι
320 2441 466 2496 λαβὼν
495 2441 543 2486 ἐκ
571 2446 648 2502 τῆς
677 2442 808 2502 λύρας
837 2443 901 2497 εἰς
931 2444 1009 2504 σὴν
1039 2444 1276 2503 ἐπιδημίαν
1315 2446 1612 2506 προσᾴσομαι,
1653 2481 1857 2492 .......

244 2511 369 2572 ὀλίγα
419 2517 731 2575 παρακαλέσας
780 2518 856 2578 τὴν
908 2518 1085 2577 ποίησιν
1135 2519 1285 2564 δοῦναί
1332 2520 1411 2578 μοί
1454 2538 1496 2565 τι
1539 2522 1673 2579 μέλος
1725 2527 1766 2565 T
1764 2520 1858 2581 ήιον

246 2587 421 2648 (ταύτην
440 2590 523 2648 γὰρ
544 2593 659 2649 φιλῶ
680 2592 728 2651 τῆ
734 2610 756 2636 ν
775 2594 975 2650 μοῖσαν),
998 2592 1047 2638 ἐκ
1067 2597 1128 2638 zu*
1131 2611 1153 2637 ν
1174 2590 1414 2639 ἀποθέτων
1433 2599 1519 2640 τῶν
1545 2592 1858 2653 Ἀνακρέοντος

247 2663 400 2708 »coita
431 2679 502 2710 σοι
532 2666 677 2724 φέρων
706 2667 782 2711 τὸν
810 2666 944 2724 ὕμνον
973 2666 1167 2725 ἔρχομαι,
1197 2668 1272 2712 καί
1301 2687 1342 2713 ’τι
1373 2671 1448 2715 καὶ
1478 2666 1608 2723 αὐτὸς
1640 2671 1857 2729 προσθεὶς

240 2741 303 2797 τῷ
347 2737 535 2798 ᾄσματι·
567 2734 623 2784 (ὦ
667 2739 784 2799 φάος
818 2739 1026 2801 Ἑλλήνων
1071 2743 1143 2786 καὶ
1186 2745 1271 2787 τῶν
1317 2742 1413 2788 ὅσοι
1459 2744 1696 2798 Παλλάδος
1742 2744 1855 2802 ἱερὸν

242 2810 439 2857 δάπεδον
471 2813 695 2859 Μουσάων
722 2812 766 2860 τ’
800 2812 911 2875 ἄλση
942 2813 1186 2873 νεμόμεθα’
1221 2854 1228 2862 .
1254 2852 1262 2861 .
1289 2855 1295 2863 .
1322 2853 1330 2862 .
1363 2821 1511 2864 Ultima
1543 2822 1638 2864 haec
1669 2824 1787 2864 verba
1806 2825 1854 2864 ab

240 2890 420 2932 Himerio
450 2893 703 2934 Anacreontis
733 2894 864 2935 verbis
884 2895 1018 2935 addita
1040 2907 1124 2936 esse
1156 2897 1276 2947 vides,
1308 2908 1397 2937 nam
1421 2909 1522 2949 quae
1553 2898 1648 2938 dicit
1677 2889 1711 2938 ὦ
1742 2893 1856 2953 φάος

245 2960 445 3021 Ελλήνων
475 2963 565 3008 κτλ.
598 2968 759 3009 verbose
789 2968 1031 3021 amplificant
1051 2973 1186 3021 poetae
1208 2982 1364 3011 versum
1387 2983 1502 3024 quem
1534 2974 1574 3012 in
1595 2974 1706 3013 initio
1728 2974 1858 3025 posuit

1523 3041 1539 3079 1
1557 3039 1579 3064 ἡ
