2144 3412
971 226 1255 270 ..99-

423 350 684 422 φιλόφρων.]
715 354 831 407 Apud
861 354 1075 395 Homerum
1105 348 1402 421 φιλοφροσύνη
1430 354 1581 392 tantum
1609 352 1652 391 ιιι
1679 361 1755 390 usu
1785 352 1844 390 est
1873 350 1920 389 de

309 413 498 455 comitate.
530 407 763 467 φιλόφρων
786 412 938 479 ³legitur
965 412 1105 452 Anaer.
1125 411 1171 451 fr.
1194 410 1246 451 41
1273 405 1334 463 (ὁ)
1367 405 1591 477 Μεγίστης
1621 403 1645 449 ὁ
1675 402 1918 462 φιλόφρων,

309 470 424 512 Pind.
464 469 507 511 P.
549 470 568 510 Ι
600 469 654 510 94
684 482 731 525 φ.
771 462 929 538 ἀρετά,
972 468 1072 509 VIII
1116 468 1137 508 1
1170 480 1216 523 φ.
1254 462 1452 518 εΑσυχία.
1511 465 1650 506 Aesch.
1691 465 1796 506 Pers.
1839 464 1918 504 109

311 523 552 626 φιλόφρων
590 539 672 582 γαρ
710 522 1058 594 παρασαίνουσα
1105 522 1156 565 τὸ
1208 525 1385 592 πρῶτον
1423 519 1605 590 παράγει
1654 519 1813 576 βροτὸν
1856 516 1920 570 εἰς

308 579 813 690 ιῗέῑῖῗωῗξαιιιῗὲιῗέ,
842 577 1434 707 35391533WE53‘30ssfffgf
1437 595 1460 620 ⁹
1498 574 1920 706 ‘atffigzffwtffi

309 696 432 754 γένος
463 697 743 765 (feminarum),
774 694 930 748 σώζειν
958 710 1006 738 τε
1033 694 1158 739 κοινοὶ
1190 689 1417 750 πράγιιατ’
1453 650 1797 751 ἕόφαλέσταται,
1827 694 1867 736 h.
1889 706 1921 734 e

310 759 444 798 mutuo
473 756 617 797 auxilio
647 757 749 796 inter
777 768 820 796 se
849 757 1088 796 adiuvantes.
1146 754 1394 802 Plutarchus,
1424 755 1492 806 qui
1522 765 1615 793 mor.
1647 752 1729 793 764
1743 753 1762 792 f
1788 754 1921 804 poetae

308 815 510 882 cuiusdam
532 814 634 854 hunc
653 825 810 854 versum
829 814 975 854 reddit:
1005 806 1121 867 ἀμφὶ
1143 809 1194 853 δέ
1212 824 1253 852 οι
1288 786 1496 852 δολόεντα
1526 804 1775 866 φιλόφρονα
1801 809 1920 860 χεῦεν

307 866 464 926 ὄνειρα,
497 871 655 911 fallacia
683 872 844 911 somnia.

422 935 636 994 φροντίς]
678 940 722 979 fr.
752 938 806 979 98
838 935 906 979 δεῖ
937 932 1149 993 φροντίδα
1178 933 1239 992 μὴ
1268 933 1474 987 κατέχειν,
1507 937 1544 976 h.
1575 948 1606 976 e.
1637 947 1764 983 curae,
1794 936 1921 986 aegri-

307 998 431 1038 tudini
477 1009 552 1038 non
594 1009 680 1037 esse
724 997 910 1036 deditum.
970 995 1027 1036 Os.
1070 994 1209 1035 Aesch
1252 994 1358 1034 Pers.
1402 994 1480 1034 161
1526 988 1602 1033 καί
1638 1006 1693 1045 με
1738 988 1922 1046 καρδίαν

309 1047 497 1108 αμι’σσει
527 1049 718 1109 φροντιᾭς
750 1056 787 1093 et
817 1052 974 1103 saepius
1003 1052 1106 1103 apud
1135 1052 1315 1102 tragicos,
1346 1051 1594 1091 Herodotum.

419 1118 670 1178 χαριτόεις.]
722 1121 804 1161 Hac
833 1120 1015 1161 adiectivi
1046 1120 1169 1159 forma
1198 1120 1479 1160 Anacreontem
1508 1120 1659 1159 tantum
1690 1128 1806 1157 usum
1837 1128 1922 1157 esse

309 1181 506 1221 veteribus
549 1179 815 1232 grammaticis
856 1178 990 1218 notum
1032 1178 1135 1217 erat:
1183 1176 1228 1217 cf.
1282 1176 1488 1217 Herodian.
1534 1188 1638 1228 περι
1685 1187 1782 1228 μον.
1832 1170 1922 1241 λέξ.

309 1236 369 1290 (11
399 1238 495 1285 257,
525 1237 578 1277 20
600 1236 677 1287 L..)
727 1234 814 1276 Non
845 1233 973 1275 solum
1002 1233 1241 1282 formatione,
1273 1234 1344 1274 sed
1375 1235 1492 1274 etiam
1522 1234 1676 1274 notione
1704 1226 1923 1286 χαριτόεις

311 1294 441 1335 differt
481 1306 505 1334 a
540 1289 718 1348 χαρίεις.
780 1294 907 1345 Atque
951 1291 1026 1332 hoc
1070 1292 1229 1344 quidem
1278 1292 1434 1332 omnino
1481 1302 1526 1332 ea
1571 1290 1778 1342 signifieat,
1822 1301 1922 1342 quae

309 1352 480 1392 iucunda
507 1351 570 1392 vel
600 1353 712 1403 grata
740 1352 840 1397 sunt,
870 1348 979 1389 velut
997 1350 1199 1390 Anacreon
1230 1350 1469 1389 iuventutem
1500 1347 1565 1402 (fr.
1596 1347 1670 1399 43)
1698 1350 1767 1388 aut
1787 1346 1922 1387 hirun-

310 1410 441 1449 dinem
472 1409 574 1448 veris
603 1408 845 1449 advenientis
874 1407 1049 1447 nuntiam
1071 1405 1135 1458 (fr.
1158 1405 1231 1458 6¹7)
1252 1406 1309 1447 sic
1329 1407 1524 1454 nominat;
1552 1399 1770 1459 χαριτόεις
1791 1406 1921 1444 autem

312 1466 455 1506 dicitur
484 1466 531 1506 de
562 1477 615 1513 eo,
653 1466 695 1505 in
725 1476 801 1517 quo
841 1463 1056 1516 singularis
1098 1465 1281 1504 venustas
1324 1465 1362 1504 et
1391 1464 1564 1504 suavitas
1592 1464 1736 1503 insunt.
1795 1462 1922 1514 Atque

308 1524 511 1564 Anacreon
531 1534 695 1575 puerum
716 1523 921 1589 quendam,
951 1523 995 1561 ut
1026 1521 1188 1570 videtur,
1218 1533 1334 1574 quem
1355 1533 1496 1573 magno
1512 1532 1644 1561 amore
1660 1519 1923 1588 amplectitur,

308 1581 367 1621 sic
409 1580 618 1633 alloquitur
652 1579 718 1631 (fr.
741 1577 844 1647 44):
883 1574 1040 1647 ἔραμαι
1083 1574 1134 1619 δέ
1172 1592 1240 1620 τοι
1282 1578 1481 1633 συνηβᾶν,
1516 1572 1718 1633 χαριτόεν
1759 1571 1923 1632 (χαρίεν

310 1637 423 1678 libri:
452 1650 525 1678 em.
554 1635 705 1690 Bergk)
736 1631 847 1687 ἔχεις
875 1649 956 1690 γαρ
986 1627 1110 1692 ἦθος.

424 1700 586 1756 χάσκω,
618 1706 720 1758 quod
750 1706 853 1757 apud
885 1705 1097 1745 Homerum
1140 1705 1295 1745 omnino
1335 1715 1411 1745 non
1441 1704 1649 1751 invenitur,
1690 1703 1759 1755 qui
1786 1697 1921 1754 χαίνω

311 1775 466 1815 semper
494 1764 598 1812 dicit,
627 1763 838 1830 genuinam
869 1764 949 1802 vim
979 1761 1099 1803 habet
1127 1761 1320 1803 inhiandi.
1367 1760 1493 1802 Solon.
1528 1760 1591 1809 13,
1623 1759 1677 1801 36
1706 1760 1775 1801 ubi
1796 1762 1922 1800 trans-

311 1820 390 1861 late
408 1821 576 1872 positum
599 1823 677 1861 est:
707 1814 807 1874 άχρι
837 1816 887 1860 δὲ
907 1813 1060 1860 τούτου
1087 1813 1324 1886 χάσκοντες
1352 1811 1544 1874 κούφῃσ’
1577 1812 1728 1858 ἐλπίσι
1760 1812 1921 1871 τερπό-

308 1890 375 1931 με
364 1878 443 1928 θα,
474 1889 539 1918 eos
569 1877 772 1930 intellegit,
802 1878 868 1930 qui
898 1888 1021 1918 vanae
1050 1877 1134 1929 spei
1166 1877 1284 1918 dediti
1314 1888 1377 1917 res
1409 1877 1594 1916 adversas
1628 1876 1706 1916 sibi
1734 1876 1923 1916 instantes

312 1946 389 1975 non
418 1935 663 1987 providentes
693 1936 770 1975 sibi
799 1935 897 1986 ipsis
927 1934 1128 1975 consulere
1158 1935 1350 1975 omittunt.
1409 1934 1612 1973 Anacreon
1644 1934 1691 1974 de
1720 1932 1852 1985 puella
1881 1944 1923 1972 se

308 1994 354 2033 ιιι
382 2003 515 2032 senem
547 1993 744 2044 spernenti
775 1992 872 2032 dicit
901 1991 963 2044 (fr.
988 1990 1051 2040 14,
1073 1990 1117 2044 8)
1147 1988 1262 2045 πρὸς
1292 1983 1337 2031 δ
1372 1984 1505 2046 άλλην
1535 1990 1606 2041 (sc.
1636 1985 1791 2044 κόμην)
1825 1986 1922 2030 τινὰ

308 2043 474 2101 χάσκει,
519 2061 616 2102 quae
660 2050 709 2089 ad
753 2049 872 2089 aliam
916 2047 1106 2117 (iuvenis)
1151 2060 1301 2089 comam
1344 2049 1538 2100 respectat
1576 2048 1768 2088 desiderio
1799 2049 1923 2115 capta.

309 2109 376 2147 Ar.
403 2118 511 2174 vesp.
542 2107 644 2148 695:
683 2102 735 2147 σύ
776 2103 824 2147 δὲ
852 2100 1087 2173 χασκάζεις
1126 2102 1203 2147 τὸν
1230 2101 1604 2173 κωλακρέτην,τὸ
1645 2101 1695 2146 δὲ
1725 2100 1922 2174 πραττό-

309 2159 438 2218 μενόν
468 2175 516 2204 σε
548 2160 743 2229 λέληθεν.
779 2163 902 2205 schol.
931 2156 1029 2204 ἀντὶ
1067 2162 1143 2204 τοῦ
1173 2159 1397 2218 ἐπιτηρεῖς
1427 2158 1537 2204 πότε
1579 2157 1694 2218 ε’λθῃ
1724 2157 1748 2203 ὁ
1775 2159 1921 2203 κωλα-

364 2218 462 2291 έτης
491 2218 565 2262 καὶ
605 2197 755 2278 ἐνέγκῃ
797 2217 867 2262 σοὶ
897 2217 948 2262 τὸ
987 2216 1240 2276 τριωβολον.
1271 2243 1326 2250 -
1372 2221 1466 2263 Hes.
1493 2220 1759 2276 χασκωρεῖν·
1793 2233 1916 2276 περι-

309 2279 339 2331 β
379 2275 502 2319 ’.πειν

424 2343 638 2401 χθόνιος]
701 2346 954 2395 Vocabulum,
994 2348 1095 2399 quod
1136 2347 1307 2399 genuina
1349 2358 1437 2387 cum
1478 2347 1514 2387 vi
1562 2346 1705 2387 dicitur
1743 2346 1791 2387 de
1830 2346 1923 2387 sub-

310 2409 485 2446 terraneo
525 2405 587 2446 vel
625 2404 748 2446 infero
788 2404 884 2453 loco,
927 2406 991 2445 cui
1031 2405 1147 2444 etiam
1187 2403 1350 2445 infestae
1388 2404 1445 2444 rei
1487 2404 1590 2444 notio
1630 2404 1815 2444 adiuncta
1854 2405 1923 2451 est.

313 2463 418 2514 apud
446 2463 724 2503 Anacreontem
755 2462 1006 2514 singulariter
1044 2464 1265 2514 usurpatur.
1325 2461 1384 2502 De
1414 2461 1629 2530 fragmento
1661 2460 1715 2502 64
1745 2462 1923 2513 corrupte

317 2520 459 2560 tradito
490 2521 631 2560 certius
661 2519 810 2572 aliquid
841 2521 917 2559 dici
948 2531 1024 2560 non
1044 2521 1179 2571 potest,
1209 2529 1443 2571 quamquam
1472 2513 1654 2569 χθόνιος
1682 2518 1738 2559 ibi
1757 2530 1781 2559 a
1801 2518 1923 2559 schol.

314 2576 495 2619 Hes.'1'h.
517 2576 599 2618 767
630 2579 733 2618 recte
763 2577 999 2629 explicatum
1031 2588 1116 2617 esse
1146 2576 1298 2616 videtur
1326 2587 1396 2628 per
1426 2570 1646 2630 στυγερός;
1687 2575 1808 2616 altero
1838 2575 1922 2617 loco

313 2633 376 2687 (ir.
407 2634 479 2686 74)
519 2633 711 2701 Megisten
742 2634 970 2702 Polycratis
1008 2645 1178 2701 puerum
1218 2635 1329 2686 poeta
1372 2634 1429 2673 sic
1469 2632 1700 2701 alloquitur:
1746 2628 1831 2687 ἐγώ
1875 2630 1923 2674 δὲ

316 2687 458 2744 μισέω
507 2686 689 2742 πάντας,
740 2686 837 2733 ὅσοι
885 2693 1091 2742 χδονιοις
1139 2702 1282 2742 εχοισι
1333 2687 1520 2744 ῥισμούς
1568 2686 1644 2731 καὶ
1690 2685 1922 2741 χαλεπούς.

314 2748 513 2801 Bergkius
543 2748 699 2801 (Anacr.
730 2761 764 2801 p.
797 2748 899 2800 203)
940 2749 1035 2789 haec
1076 2749 1331 2789 Anacreontis
1374 2748 1491 2789 verba
1530 2759 1594 2789 eos
1634 2748 1806 2789 indicare
1835 2760 1922 2801 per-

316 2818 475 2846 suasum
505 2805 636 2854 habet,
668 2806 758 2865 qui
789 2805 904 2847 facile
935 2807 1157 2846 irascuntur
1177 2808 1213 2846 et
1234 2804 1414 2846 difficiles
1433 2807 1534 2854 sunt,
1564 2806 1635 2846 sed
1663 2806 1774 2854 iram,
1804 2817 1919 2859 quam

314 2862 435 2905 semel
468 2866 691 2916 conceptam
722 2863 789 2903 diu
819 2864 996 2912 retinent,
1027 2862 1166 2904 callide
1207 2855 1364 2903 celant’.
1424 2862 1501 2903 Sed
1531 2861 1629 2904 haec
1657 2864 1922 2916 interpretatio

319 2921 523 2962 verborum
557 2932 715 2961 sensum
746 2922 835 2973 apte
876 2933 950 2962 non
992 2921 1120 2961 reddit
1163 2932 1288 2972 neque
1317 2921 1523 2971 respondet
1552 2921 1692 2969 verbis,
1732 2933 1831 2973 quae
1861 2932 1922 2961 se-

1600 2989 1657 3029 7*
