2144 3412
954 248 1238 291 ...96-

296 378 342 421 fr.
377 378 455 420 168
489 374 625 418 σαῦλα
654 370 830 429 βαίνειν.
875 376 922 416 Ιιι
951 378 1076 417 tribus
1108 376 1169 416 his
1198 376 1376 417 vocabuli
1406 375 1593 445 exemplis
1623 376 1900 417 vetustissimis

298 437 527 477 locutionem
561 435 722 474 eandem
755 445 839 474 osse
871 435 992 475 vides.
1026 434 1117 475 Hes.
1148 431 1306 475 σαῦλα·
1337 433 1491 489 κοῦφα.
1523 427 1668 490 ν’σιχα.
1700 428 1901 488 τρυφερά.

297 518 351 524 —
383 496 581 532 Anacreon
610 491 686 531 alio
716 490 797 531 loco
819 491 880 541 (fr
904 489 974 543 55)
1005 491 1183 532 Bacchas
1212 493 1269 531 sic
1299 492 1490 531 nominat:
1519 466 1673 532 σαῖλαι
1694 492 1901 558 Βασσαρ-

298 548 399 599 ίδες.
443 573 496 578 ———
543 550 633 589 Hes.
664 546 847 589 σαυλον·
879 544 1035 603 ἁβρόν·
1067 549 1241 603 κοῦφον.
1274 544 1407 600 ἄκρον
1435 545 1657 604 τρυφερόν.
1694 541 1903 588 'Am-ml.

298 608 540 648 Adiectivum
573 607 730 658 quidem
761 607 864 657 apud
894 607 1042 647 Atticos
1071 617 1146 647 non
1167 607 1372 654 invenitur,
1402 607 1470 646 sed
1499 604 1771 647 caviat-aaut
1801 605 1902 656 apud

298 666 524 730 Euripidem
555 664 660 715 Gyol.
691 663 744 704 40
777 663 952 714 (Silenus
983 661 1177 731 choro):.
1293 659 1468 717 Βακχίῳ
1498 659 1664 717 κώμοις
1695 657 1905 703 συνασπί-

300 720 446 772 ζοντες
471 714 695 769 Ἀλθαίας
725 716 885 773 δόμους
916 714 1104 777 προσῇτ’
1152 713 1324 769 ἀοιδαῖς
1353 715 1572 774 βαρβίτων
1603 715 1905 773 σαυλούμενοις

299 784 364 819 ot
379 776 740 832 σαυλοπρωκτιᾶν
783 779 969 819 obscoeno
1011 791 1128 819 sensu
1168 781 1231 818 Ar
1265 791 1367 830 vesp.
1402 777 1521 818 1173.
1580 779 1731 819 Atticae
1776 779 1905 817 autem

298 837 472 889 originis,
503 837 542 876 id
574 837 675 888 quod
705 837 985 887 grammaticus
1015 836 1107 883 vult,
1139 835 1370 876 vocabulum
1401 836 1563 876 minime
1592 838 1661 883 est,
1689 836 1759 875 sed
1779 835 1908 887 potius

297 894 447 934 alienae
477 896 593 946 atque
623 893 807 934 Thraciae
837 894 995 946 quidem
1066 894 1118 934 Ut
1147 895 1298 945 praeter
1339 888 1501 945 νάβλας
1539 891 1619 944 (vel
1649 888 1818 945 νάβλα),
1849 892 1907 931 in-

299 953 503 992 strumenti
536 952 739 991 cuiusdam
770 952 978 991 barbarum
1019 962 1158 991 nomen
1190 950 1334 1000 (Strab.
1365 950 1397 990 X
1429 949 1541 1002 471),
1572 950 1688 990 etiam
1717 949 1796 990 alia
1826 949 1910 989 eius

300 1009 423 1049 forma
463 1010 629 1049 traditur
669 1006 801 1048 ναῦλα
841 1008 975 1061 (Soph.
1006 1009 1109 1060 apud
1150 1007 1251 1048 Plut.
1282 1020 1375 1048 mor
1406 1007 1489 1048 394
1519 999 1568 1047 οὐ
1598 1005 1731 1047 ναῦλα
1770 1018 1910 1046 κωκυ-

298 1066 441 1107 τοῖσιν
462 1059 511 1107 οὐ
542 1062 648 1120 λύρα
679 1060 796 1133 φίλη,
827 1077 926 1118 quae
948 1067 1123 1106 codicum
1146 1065 1258 1106 lectio
1279 1067 1432 1117 integra
1453 1065 1702 1105 confirmatur
1722 1062 1911 1116 Hesyobii

298 1126 518 1164 testimonio
548 1136 580 1165 s.
611 1136 646 1165 v.
679 1119 864 1176 νάβλας·
910 1154 919 1163 .
953 1154 961 1163 .
995 1154 1005 1163 .
1037 1119 1112 1163 καὶ
1155 1120 1311 1163 ναῦλον
1354 1120 1406 1162 τὸ
1450 1115 1554 1162 αὐτὸ
1598 1115 1810 1175 ὄργανον),
1854 1120 1913 1161 sio

299 1185 451 1233 praeter
491 1178 648 1229 σαῦλος
687 1181 853 1221 formam
892 1180 992 1221 hanc
1035 1192 1186 1248 quoque
1216 1177 1238 1202 ’¹‘
1270 1175 1382 1232 σάβ-
1361 1177 1460 1228 -λος
1505 1180 1697 1220 exstitisse
1727 1179 1913 1220 doeemur

299 1240 498 1280 vocabulis
528 1234 638 1291 σάβ-
642 1250 701 1289 ος,
755 1233 931 1290 σάβ-ας,
980 1233 1226 1291 Σαβ-άζιος
1270 1239 1319 1278 ab
1365 1238 1500 1278 eadem
1531 1237 1651 1289 stirpe
1681 1235 1914 1277 derivandis.

302 1292 522 1349 Σαβάζιος
542 1299 671 1336 autem
691 1296 872 1336 Bacchus
889 1308 912 1335 a
927 1295 1144 1336 Thracibus
1165 1298 1203 1336 et
1222 1295 1447 1347 Phrygibus
1467 1306 1594 1335 nonne
1615 1291 1915 1335 nominabatur?

301 1355 355 1395 Gi.
388 1354 494 1394 velut
523 1353 645 1394 schol.
675 1355 740 1393 Ar.
762 1365 868 1419 vesp.
891 1353 928 1401 9,
959 1364 1016 1392 av.
1039 1352 1134 1393 875.
1166 1350 1328 1401 σαῦλος
1357 1353 1479 1404 igitur
1509 1353 1568 1392 est
1598 1364 1672 1392 vox
1692 1353 1733 1392 in
1753 1353 1917 1402 utraque

300 1414 415 1464 gente
437 1412 589 1459 usitata,
621 1422 699 1463 qua
719 1412 873 1462 proprie
894 1410 1192 1462 significabatur
1210 1411 1347 1450 turbae
1369 1411 1482 1450 deum
1507 1410 1726 1450 comitantis
1745 1408 1918 1454 habitus,

300 1481 398 1521 quae
428 1470 468 1508 in
500 1469 669 1509 furorem
711 1469 798 1508 acta
844 1467 1061 1508 truculento
1108 1467 1276 1508 clamore
1321 1478 1479 1519 corpora
1522 1468 1671 1507 iactans
1714 1465 1916 1506 Bacchum

301 1528 411 1567 vocat
432 1525 539 1579 (nam
562 1520 768 1578 σαβαζειν
789 1528 848 1565 est
867 1518 1047 1576 εὖαζειν,
1078 1519 1329 1577 βακχεύειν),
1360 1524 1422 1565 vel
1443 1536 1541 1576 quae
1562 1523 1726 1565 delicato
1747 1525 1786 1565 et
1805 1520 1914 1563 molli

303 1586 484 1636 ingressu
525 1585 688 1635 gradum
728 1584 948 1634 suspendit;
987 1583 1158 1635 indeque
1197 1583 1244 1622 ad
1276 1582 1375 1622 alias
1411 1593 1474 1622 res
1503 1582 1634 1633 speeie
1663 1580 1812 1622 similes
1846 1581 1913 1621 do·

303 1642 490 1681 notandas
519 1641 716 1681 translata.
749 1640 860 1680 Hanc
882 1640 1070 1691 Hesyohii
1095 1639 1292 1691 glossam:
1325 1634 1533 1679 σαυάδαι·
1567 1636 1718 1680 σαῦλοι
1739 1635 1916 1706 (σαῦδοι

308 1701 411 1739 eod:
442 1711 513 1739 em.
543 1699 574 1738 Ι.
604 1697 799 1749 Vossius).
853 1691 1064 1752 Ἀμερίας
1108 1694 1209 1746 τοὺς
1256 1692 1483 1752 Σειλήνους
1523 1690 1636 1736 οὕτω
1674 1690 1916 1736 καλεῖσθαί

303 1767 434 1811 φησιν
463 1751 550 1796 υπὸ
575 1750 848 1796 Μακεδόνων
877 1756 928 1796 ad
949 1756 1112 1795 eandem
1142 1756 1304 1807 stirpem
1325 1755 1454 1795 redire
1478 1765 1597 1805 quam
1617 1755 1720 1794 recte
1739 1752 1917 1794 Rohdius

304 1814 514 1854 coniecerit
545 1812 715 1865 (Psyche
754 1812 917 1865 p.307,
950 1813 992 1864 1)
1031 1815 1202 1864 apparet.
1246 1835 1302 1841 —
1345 1813 1628 1852 Anacreontem
1668 1812 1798 1859 ritum,
1842 1822 1919 1863 quo

302 1871 481 1912 Bacchae
513 1872 629 1911 deum
651 1870 836 1919 colebant,
869 1871 1152 1911 describentem
1174 1869 1247 1910 hoc
1268 1870 1352 1910 looo
1374 1871 1449 1910 duo
1470 1867 1660 1909 voeabula
1681 1880 1702 1909 e
1723 1868 1915 1908 Thracum

303 1941 479 1970 sermone
511 1929 722 1969 derivanda
761 1929 938 1980 posuisse
967 1927 1245 1968 memorabile:
1286 1927 1333 1969 of.
1365 1928 1468 1968 enim
1501 1938 1555 1974 ea,
1587 1937 1691 1978 quae
1717 1939 1753 1979 p.
1785 1926 1838 1966 75
1870 1926 1918 1966 de

304 1981 535 2052 Βασσαρίς
566 1987 735 2038 exposui.

420 2039 718 2098 σινά-μωρος.]
779 2041 869 2082 Alia
910 2041 1098 2082 voeabula
1129 2043 1263 2082 eodem
1294 2042 1408 2082 modo
1438 2041 1602 2081 formata
1631 2042 1722 2081 sunt
1750 2034 1916 2093 εγχεσί-

303 2115 451 2170 ,ιειωρος
481 2101 645 2152 (legitur
672 2100 782 2141 velut
811 2100 860 2139 H
881 2099 973 2147 134,
1002 2112 1027 2153 γ
1060 2098 1157 2151 188)
1191 2102 1229 2140 et
1258 2094 1449 2152 ἶόμωρος
1471 2098 1533 2149 (A
1556 2098 1650 2146 242,
1679 2095 1723 2142 Ξ
1747 2097 1848 2149 479)
1879 2099 1918 2138 et

304 2155 464 2200 υλακό-
443 2171 614 2214 -μωρος
658 2157 702 2209 (ξ
747 2157 821 2205 29,
865 2172 901 2197 π
944 2157 1000 2208 4).
1071 2157 1179 2198 Haeo
1236 2157 1426 2197 sermonis
1477 2156 1576 2207 epici
1614 2156 1769 2207 propria
1815 2157 1917 2203 sunt,

308 2212 553 2271 σινάμωρος
583 2217 713 2256 autem
743 2217 912 2267 primum
942 2214 1087 2266 legitur
1115 2215 1218 2266 apud
1250 2214 1529 2254 Anacreontem
1550 2212 1616 2265 (de
1636 2216 1711 2265 q‘uo
1731 2224 1766 2253 v.
1785 2211 1917 2264 infra).

304 2278 430 2327 Atque
462 2275 618 2315 Curtius
647 2272 900 2325 probabiliter
930 2273 1139 2312 coniecisse
1176 2271 1274 2311 mihi
1313 2272 1468 2311 videtur
1506 2269 1574 2322 (of.
1604 2270 1731 2322 Etym.
1751 2269 1768 2295 ⁶
1803 2267 1917 2322 330),

220 2333 223 2337 “
305 2333 495 2385 syllabam
525 2345 644 2384 μωρ-
675 2332 716 2370 in
746 2330 809 2370 his
839 2330 970 2370 verbis
1002 2330 1224 2381 compositis
1253 2329 1380 2369 redire
1409 2329 1458 2368 ad
1488 2328 1650 2379 stirpem
1678 2340 1785 2382 μερ-
1816 2338 1917 2379 quae

305 2390 499 2441 significat
561 2388 731 2429 bedacht
761 2389 846 2428 sein
875 2380 972 2428 auf’.
1031 2388 1159 2438 Atque
1200 2387 1374 2426 veterum
1414 2386 1757 2437 grammaticorum
1798 2385 1917 2424 inter-

306 2448 468 2515 pretatio
499 2459 589 2487 oum
619 2447 692 2486 hac
722 2446 912 2486 sententia
951 2445 1094 2512 optime
1123 2444 1311 2511 congruit.
1372 2443 1428 2484 Cf.
1460 2442 1586 2494 Apoll.
1616 2441 1734 2495 Soph.
1766 2440 1832 2490 91,
1863 2441 1916 2482 25

306 2500 487 2560 ἰόμωροι
519 2499 818 2556 ..βέλτιον
860 2499 909 2543 δὲ
947 2495 1118 2542 ἀκούειν
1159 2514 1199 2541 οι
1232 2496 1335 2555 περὶ
1374 2496 1474 2548 τοὺς
1504 2496 1596 2549 ιὀὑς
1623 2495 1914 2555 μεμορημὲνοι

308 2563 424 2614 (quae
469 2561 704 2613 etymologia
743 2560 842 2600 falsa
882 2561 957 2600 est:
1002 2560 1148 2600 rectius
1193 2558 1359 2624 explicat
1403 2557 1532 2598 Schol.
1576 2557 1719 2599 Townl.
1761 2558 1804 2598 A
1833 2556 1915 2596 242

310 2651 318 2658 .
354 2651 362 2659 .
395 2651 404 2659 .
437 2632 476 2659 οι
510 2615 558 2659 δὲ
590 2631 693 2674 περι
723 2613 815 2666 ἰοὺς
846 2613 1176 2683 πεπονημένοι),
1207 2629 1282 2656 και
1312 2628 1351 2655 οι
1362 2612 1489 2682 περὶ
1519 2612 1570 2656 τὸ
1599 2610 1803 2655 ἱλακτεῖν
1833 2625 1915 2654 πε-

309 2673 543 2730 πονημένοι
576 2676 640 2730 (of.
677 2676 767 2723 157,
799 2676 883 2726 22),
923 2671 997 2715 καὶ
1035 2687 1074 2714 οι
1118 2670 1219 2725 περὶ
1263 2669 1315 2713 τὰ
1356 2667 1453 2727 ἔγχη
1485 2671 1550 2724 (cf.
1584 2673 1648 2723 62,
1681 2672 1736 2724 4).
1795 2670 1913 2712 Aliud

309 2735 483 2774 eiusdem
514 2734 752 2774 formationis
774 2732 994 2784 exemplum
1024 2731 1136 2772 affert
1154 2730 1374 2782 Hesychius
1405 2725 1647 2784 σούμωρος
1679 2739 1914 2785 κεχορτασ-

308 2788 448 2844 μένος,
481 2786 657 2846 πλήρης.
690 2803 814 2831 σινα-
818 2803 965 2856 μωρος
1003 2790 1125 2841 igitur
1164 2789 1319 2829 denotat
1349 2799 1447 2836 eum,
1489 2789 1558 2840 qui
1595 2787 1684 2827 aliis
1713 2787 1793 2838 (vel
1821 2783 1915 2838 sibi)

309 2861 446 2889 nocere
476 2850 614 2888 studet.
645 2849 873 2889 Derivatum
905 2849 1008 2887 enim
1038 2849 1097 2887 est
1125 2858 1148 2886 a
1177 2846 1292 2886 verbo
1324 2840 1537 2913 σίνο-μαι
1547 2845 1689 2897 (σινα-
1709 2845 1914 2885 formatum

309 2909 367 2946 est
402 2909 446 2945 ut
476 2899 610 2958 ἅκροέ-
590 2904 742 2956 -χολος
773 2906 821 2946 ab
852 2900 987 2959 α’κρος
1018 2905 1081 2944 Ar.
1113 2915 1169 2955 eq.
1201 2903 1267 2951 41,
1297 2896 1537 2957 νοθα-γενή
1539 2916 1561 2950 ς
1603 2914 1627 2942 a
1657 2897 1791 2949 νόθος
1821 2900 1913 2941 Eur.

308 2964 390 3005 Ion.
419 2963 499 3003 592
531 2964 699 3015 aliaque:
735 2964 781 3004 of
803 2963 980 3011 Lobeck„
1011 2961 1155 3014 Phryn.
1178 2961 1286 3010 661),
1308 2962 1409 3014 quod
1431 2960 1576 3012 legitur
1600 2958 1642 2999 Ω
1663 2960 1735 2999 45:
1767 2952 1913 3008 αἰδώς,
