2144 3412
270 401 491 447 Auionov
518 400 764 462 ’Λνακρέων
794 407 855 460 (fr.
891 406 1000 458 135).
1041 401 1164 446 άλλοι
1206 402 1283 448 τὸν
1311 398 1442 446 οἶνον.
1487 406 1617 446 Verba
1646 399 1770 446 ἄλλοι
1804 402 1881 461 τὴν

270 457 482 519 ’Ἀρτεμιν
523 465 691 516 priorem
736 466 778 505 in
820 464 992 518 glossam
1034 464 1322 516 transponenda
1366 475 1451 504 esse
1499 464 1598 504 vidit
1639 462 1790 509 Maesa.
1834 464 1883 503 de

272 521 456 573 Aeschyli
486 520 739 590 supplicibus
767 534 803 574 p.
833 521 965 589 XXIII
972 522 1082 590 ἶβαᾶιι.
1113 521 1150 561 2.
1181 521 1238 563 Cf.
1268 520 1400 587 Steph
1421 521 1514 588 Byz.
1550 514 1814 562 Αἰθόπιον.

270 574 455 632 πλησίον
483 578 559 619 τοῦ
581 571 796 647 Εὐρίπου,
828 572 920 647 ἀφ’
942 569 992 619 οὗ
1022 573 1047 634 ἦ
1062 572 1277 645 ’Ἀρτεμις
1305 573 1537 620 Λίθοπία.
1591 579 1636 618 A.
1657 575 1700 617 P.
1722 577 1778 618 VI
1799 551 1882 618 269

273 634 312 688 (““ι
330 635 494 688 Sapph.)
523 631 745 705 Λίάοπίᾳ
783 649 837 690 με
866 631 977 692 κόρᾳ
1007 635 1192 685 Λατοῦς
1221 628 1431 690 ἀνέθηκεν
1456 628 1657 690 Ἀρίστα,
1688 634 1767 675 VII
1798 635 1879 675 '705

270 691 500 745 (Antipatri)
530 689 771 749 Αἰθοπίης
802 689 1119 749 Βραυρωνίδος.
1162 695 1441 735 Anacreontem
1471 692 1674 733 Bacchum
1704 691 1882 732 Semeles

267 750 390 790 filium
422 752 478 790 sic
509 752 771 792 nominaviese
799 752 970 792 ostendit
998 750 1140 799 Maass,
1172 750 1304 791 Herm.
1335 749 1462 790 XXVI
1485 749 1576 790 190.

382 801 612 861 ἀκινάκης]
664 808 823 849 Praeter
860 810 1143 849 Anacreontem
1185 807 1244 857 (fr.
1279 807 1374 854 136)
1418 807 1554 847 eadem
1595 806 1718 847 forma
1760 806 1882 846 utitur

271 865 487 905 Herodotus
507 866 564 906 IV
580 866 651 933 62,
681 867 748 918 qui
778 866 883 933 apud
898 865 1081 933 Scythae
1110 877 1200 905 eum
1242 877 1310 917 pro
1341 865 1412 905 deo
1445 864 1580 905 haberi
1610 865 1761 903 narrat·
1803 858 1881 903 ἐπὶ

268 917 422 964 τούτοι
452 918 504 990 δὴ
526 920 602 964 τοῖ’
633 916 760 975 όγκου
766 916 986 993 ἀκινάκης
1006 917 1206 990 σιδτρεος
1225 918 1413 988 ἵδρυται
1426 914 1611 975 ἀρχαῖος
1639 914 1879 971 ἑκάστοισι,
1940 944 1947 946 --

265 975 339 1020 καὶ
367 973 484 1020 tot-’t
529 975 623 1020 ἔστι
661 979 738 1021 τοῦ
766 977 933 1035 ’Ἁρηος
973 976 1023 1021 τὸ
1066 974 1253 1032 άγαλμα.
1312 973 1490 1032 κινάκης
1529 978 1626 1018 dixit
1667 977 1880 1029 Sophocles

264 1036 327 1103 (fr.
359 1036 470 1088 958).
520 1037 759 1078 Vocabulum
790 1049 876 1078 ease
904 1037 1116 1104 barbarum
1147 1037 1285 1076 docent
1320 1035 1506 1076 Herodoti
1540 1035 1659 1075 verba
1690 1034 1768 1075 VII
1801 1034 1880 1074 54:

266 1086 501 1161 εὐξάμενος
541 1091 590 1134 δὲ
631 1090 811 1146 ἐσέβαλε
841 1093 1024 1162 (Xerxes)
1054 1090 1130 1160 τὴν
1175 1088 1347 1160 φιάλην
1364 1087 1410 1141 ἐς
1451 1088 1528 1133 τὸν
1560 1086 1879 1159 Ἑλλήσποντον

268 1148 342 1191 καὶ
370 1163 550 1218 χρυσεον
578 1152 764 1206 κρητῆρα
792 1164 867 1192 και
896 1147 1118 1206 Περσικὸν
1147 1148 1289 1204 ξιφος,
1324 1163 1373 1189 ον
1402 1142 1609 1204 ἀκινάκην
1637 1145 1877 1190 καλέουσιν.

380 1203 597 1259 ἀκταινῶ.]
644 1208 737 1261 Egit
781 1209 829 1249 de
859 1208 932 1249 hoc
962 1207 1151 1248 vocabulo
1182 1206 1452 1254 Ruhnkeniue,
1493 1206 1591 1248 Tim.
1621 1205 1694 1247 lex.
1725 1205 1877 1247 Platon.

263 1278 298 1317 p.
345 1266 407 1306 17.
476 1265 689 1306 Rarissima
748 1267 806 1307 eet
865 1277 911 1306 ea
966 1265 1163 1313 formatio,
1226 1266 1337 1305 cuius
1396 1263 1574 1316 exempla
1634 1264 1878 1304 Herodianus

263 1323 281 1363 I
313 1322 406 1371 450,
438 1323 491 1363 22
534 1325 683 1363 tantum
735 1320 914 1377 τριαινῶ
955 1322 998 1374 (a
1044 1317 1231 1375 τρίαινα)
1278 1326 1316 1363 et
1358 1319 1544 1362 κελαινῶ
1601 1320 1644 1373 (a
1682 1315 1879 1370 κελαινός

263 1379 437 1432 Homer.)
461 1403 509 1409 —
543 1392 617 1432 quo
649 1381 765 1420 verbo
794 1379 1015 1433 Aeschylus
1044 1392 1141 1420 usus
1170 1381 1230 1420 eet
1260 1379 1352 1420 Cho.
1378 1378 1460 1420 401
1484 1402 1538 1408 -
1567 1378 1689 1420 affert.
1719 1377 1879 1419 Praeter

264 1437 425 1477 formam
456 1438 497 1478 in
529 1450 614 1476 -οω
645 1437 724 1477 alia
753 1449 908 1490 quoqne
936 1439 978 1478 in
1008 1451 1069 1477 -w
1100 1439 1232 1479 exstat.
1262 1459 1318 1466 —
1348 1436 1393 1477 B
1414 1437 1462 1478 A.
1485 1436 1505 1476 Ι
1527 1435 1621 1485 873,
1644 1435 1696 1476 18
1727 1428 1876 1476 ἀκται-

267 1492 426 1534 νῶσαι·
459 1487 556 1535 ἀντὶ
586 1494 662 1535 τοῦ
691 1489 874 1547 υψῶσαι
913 1490 987 1535 καὶ
1026 1490 1183 1561 ἐξᾶραι
1219 1490 1294 1535 καὶ
1323 1489 1583 1549 μετεωρίσαι
1615 1526 1623 1534 .
1656 1524 1666 1533 .
1699 1524 1710 1534 .
1739 1487 1877 1542 ου’τως

260 1544 507 1620 Ἀνακρέων
538 1552 599 1602 (fr.
634 1551 743 1604 137).
795 1552 850 1593 Cf.
882 1553 974 1593 ibid.
1006 1551 1070 1600 23,
1102 1552 1127 1593 7
1156 1544 1447 1592 ἀκταινῶσαι·
1487 1546 1685 1619 σημαίνει
1716 1546 1796 1618 μὲν
1825 1547 1876 1591 τὸ

264 1604 472 1677 υψωσαι
496 1605 572 1650 καὶ
604 1605 788 1676 ἐπᾶραι
844 1606 918 1650 καὶ
962 1604 1246 1680 μετεωρίσαι,
1305 1640 1315 1649 .
1389 1603 1717 1659 ,Αἰσχύλοςε
1727 1601 1873 1650 οὐκέτ’

263 1659 472 1792 ἷῗῖἔέἴέῖ
484 1662 623 1764 .ΐηῖἱέ
654 1662 986 1776 ‹ssfflffissfxc
969 1658 1237 1765 ωὲἰῗτ
1266 1639 1875 1791 ἶξὲοῧῦιῗῖοἲῖμῗωῗμᾷῗέήὸῇ

259 1775 319 1830 ὡς
348 1774 440 1822 ἀπὸ
483 1739 833 1836 περιιδπωμένοι.
892 1739 1012 1822 Pogta
1051 1783 1174 1834 igitur
1214 1782 1387 1823 comicus
1428 1781 1564 1825 eadem
1606 1780 1730 1822 forma
1759 1782 1875 1834 atque

258 1841 458 1879 Anacreon
499 1851 595 1879 usus
637 1841 705 1880 est.
764 1838 825 1880 De
870 1831 1059 1879 ἀκταίνω
1104 1838 1201 1880 haec
1241 1838 1387 1891 profert
1429 1837 1671 1890 etymologus
1712 1837 1791 1891 (Et.
1822 1838 1873 1879 Μ.

258 1895 323 1943 54,
354 1895 428 1963 34)
473 1889 684 1936 ἀκταίνω·
730 1892 808 1937 ἐπὶ
846 1894 1003 1937 ἳππων
1040 1889 1363 1965 ἀκταίνειν,τό
1441 1891 1755 1963 ετεωρίζεσθαι
1798 1892 1874 1937 καὶ

258 1948 527 2021 ἐπαίρεσθαι
559 1967 632 1994 και
654 1952 886 2022 γαυριᾶν..
941 1947 1162 1994 ,ἀκταίνω
1191 1949 1243 1995 τό
1273 1948 1406 2007 κουφί
1433 1966 1469 1993 ω
1501 1950 1623 2006 παρὰ
1642 1947 1872 2008 Αἰσχύλῳ.

257 2006 331 2051 καὶ
353 2004 580 2051 “ἀκταῖνον
607 2007 739 2079 μένος
789 2008 838 2052 τὸ
860 2004 1018 2079 ἀνάγον
1040 2007 1115 2052 καὶ
1117 2006 1371 2079 δυνάμενον
1399 2008 1631 2064 ἀνορθοῦν.
1693 2010 1750 2052 Cf.
1781 2010 1873 2052 Hes.

257 2060 498 2108 ἀκταίνειν·
527 2064 816 2122 μετεωρίζειν.
838 2091 892 2098 —-
914 2062 1202 2120 ἀ[λε]κταίνει.
1233 2080 1383 2119 ισχυει,
1413 2068 1578 2125 γαυριᾷ,
1607 2063 1872 2123 μετεωρίζει.

256 2124 316 2166 De
337 2137 433 2178 equo
453 2126 575 2178 igitur
594 2125 790 2178 praeclaro
811 2127 963 2175 dicitur,
983 2126 1051 2179 qui
1077 2128 1194 2178 caput
1213 2125 1357 2167 elatum
1378 2126 1583 2166 reflectens
1603 2125 1872 2167 excellentiam

192 2190 207 2199 ³
257 2194 369 2223 cuam
400 2184 587 2230 ostendit;
619 2184 666 2224 de
696 2183 863 2231 homine,
893 2185 1010 2224 cuiue
1037 2184 1186 2251 corpori
1215 2184 1319 2224 vires
1360 2184 1504 2232 insunt,
1533 2184 1600 2235 qui
1629 2183 1708 2224 alto
1746 2184 1872 2236 gradu

257 2240 441 2281 incedens
472 2241 643 2293 corporis
675 2242 794 2281 robur
823 2242 950 2289 iactat,
981 2240 1042 2281 vel
1073 2242 1186 2281 cuiue
1215 2252 1326 2281 mens
1345 2252 1499 2294 quoque
1519 2241 1669 2281 viribus
1689 2241 1871 2283 abundat.

255 2297 440 2366 Aeschyli
470 2298 598 2346 verba,
610 2309 727 2365 quae
755 2299 999 2350 grammatici
1030 2299 1241 2346 intuentur,
1271 2297 1457 2366 leguntur
1485 2297 1598 2338 Eum.
1620 2296 1673 2339 36
1705 2290 1731 2354 ἦ
1750 2294 1869 2339 δεινοὶ

257 2350 391 2406 λέξαι,
431 2351 551 2395 δεινὰ
579 2348 622 2395 δ’
654 2348 914 2422 ὀφθαλμοῖς
955 2353 1131 2423 δρακεῖν
1162 2330 1298 2396 πάλιν
1325 2370 1355 2423 μ
1408 2350 1614 2424 ἔπεμψεν
1645 2350 1694 2396 ἐκ
1723 2352 1871 2423 δόμων

257 2411 343 2452 τῶν
368 2408 559 2479 Λοξίοι,
590 2407 651 2462 ὡς
679 2407 785 2481 μήτε
816 2413 976 2453 σωκεῖν
1004 2408 1109 2469 μήτε
1138 2405 1189 2466 μ’
1222 2405 1441 2453 ἀκταίνειν
1468 2406 1620 2465 βάσιν·
1651 2409 1788 2467 τρέχω
1821 2409 1870 2454 δὲ

253 2464 414 2522 χερσίν,
446 2462 497 2510 οὗ
527 2443 752 2526 ποδωκείᾳ
782 2468 946 2511 σκελῶν
977 2469 1041 2523 (cf
1073 2470 1227 2521 schol..)
1260 2470 1411 2520 Quanta
1440 2471 1493 2510 sit
1522 2469 1641 2511 huius
1661 2469 1870 2511 locutionis

254 2527 416 2567 audacia
445 2529 624 2579 apparet;
663 2527 895 2568 vocabulum
939 2529 1041 2568 enim
1084 2527 1237 2580 vulgari
1278 2539 1324 2568 ex
1365 2538 1543 2568 sermone
1572 2530 1771 2580 sumptum
1801 2529 1869 2569 ad·

255 2583 424 2624 bibitum
456 2596 541 2624 eece
570 2585 679 2626 vides
709 2586 758 2626 ad
789 2597 983 2626 summam
1014 2596 1113 2638 quae
1143 2586 1275 2636 agitur
1304 2585 1578 2626 caerimoniam
1608 2586 1868 2626 indicandam.

254 2640 419 2707 Legitur
447 2643 647 2693 praeterea
676 2641 775 2684 Plat.
791 2642 911 2710 legg.
941 2643 981 2683 11
1014 2642 1129 2683 6720
1160 2638 1205 2682 ἐν
1233 2636 1372 2707 τούτῳ
1402 2638 1456 2698 δὴ
1494 2640 1555 2697 τῷ
1575 2637 1742 2710 χρόνῳ,
1758 2638 1804 2683 ἐν
1834 2633 1869 2700 ᾧ

253 2692 387 2766 μίπω
424 2694 628 2768 κέκτηται
655 2697 733 2755 τὴν
762 2695 924 2741 οἰκείαν
954 2697 1175 2768 φρόνησιν,
1216 2698 1308 2740 πᾶν
1341 2668 1545 2767 μαίνεταί
1582 2712 1629 2740 τε
1668 2695 1743 2741 καὶ
1784 2700 1868 2757 βοᾷ

255 2749 467 2823 ἀτάκτως,
498 2753 574 2797 καὶ
604 2751 708 2797 ὅταν
736 2750 990 2825 ἀκταινώση
1029 2752 1157 2798 ἑαυτὸ
1198 2751 1392 2824 τάχιστα,
1425 2749 1622 2807 ἀτάκτως
1650 2749 1704 2798 αὖ
1735 2755 1866 2815 πηδᾷ.

253 2812 372 2854 schol.
403 2806 632 2881 ἀκταίνειν,
661 2814 852 2868 γαυριᾶν,
882 2798 1082 2863 ἀτάκτως
1112 2811 1271 2881 πηδᾶν,
1302 2807 1326 2870 ἢ
1354 2810 1639 2869 μετεωρίζειν,
1670 2809 1696 2870 ἢ
1716 2808 1865 2869 ὁρμᾶν,

258 2864 283 2911 ’r
304 2866 506 2936 ἐξάττειν
527 2865 620 2911 ἀπὸ
648 2871 724 2914 τοῦ
753 2868 987 2924 ἐξαῖσσειν,
1016 2868 1087 2913 καὶ
1120 2867 1289 2939 ἰσχύειν.
1320 2871 1511 2913 Similiter
1530 2871 1697 2925 explicat
1724 2871 1867 2914 Suidae

253 2927 321 2978 (οἱ.
342 2941 373 2970 s.
395 2929 451 2980 ν.)
480 2920 823 2979 ἀκολασταίνειν,
852 2929 1042 2984 γαυριᾶν,
1072 2926 1145 2970 καὶ
1175 2922 1375 2978 ἀτάκτως
1405 2926 1567 2985 πηδᾶν;
1597 2941 1736 2971 novam
1756 2931 1866 2971 addit

252 2986 354 3026 vim:
387 2981 499 3038 πρὸς
530 2981 758 3027 συνουσίαν
788 2981 939 3042 ὁρμᾶν.
998 2988 1127 3039 Atque
1159 2987 1233 3027 boc
1264 2987 1411 3027 dictum
1442 2987 1489 3028 de
1520 2998 1574 3036 eo,
1605 2989 1715 3029 cuiue
1736 2999 1865 3040 genua
