2144 3412
927 171 1210 215 -26-

269 316 316 343 τε
346 299 421 343 καὶ
450 295 591 356 ἀγλαοὶ
612 294 719 356 δῶρ’
738 294 1016 358 Ἀφροδίτης.
1047 302 1180 344 Priore
1201 304 1241 343 in
1263 303 1436 344 membro
1456 305 1611 357 ponitur
1630 305 1873 354 vocabulum,

269 378 372 429 quod
412 378 460 417 ad
501 379 708 428 utrumque
746 378 922 429 pertinet,
962 378 1111 420 duobus
1153 378 1215 418 his
1255 378 1371 419 loeis:
1421 377 1446 418 8
1487 374 1570 432 ἐγὼ
1601 372 1647 421 δ’
1686 372 1779 420 οὔτ’
1821 373 1873 420 ἂν

269 447 522 505 Ἀμαλθὲης
551 445 786 506 βουλοίμην
819 447 961 507 κέρας,
992 444 1083 492 οὔτ’
1117 446 1215 492 ἔτεα
1247 446 1511 506 πεντήκοντα
1538 466 1585 495 τε
1615 450 1690 495 καὶ
1719 448 1874 495 ἑκατὸν

270 559 279 569 .
313 558 321 566 .
351 522 624 578 βασιλεῦσαι,
656 525 709 566 82
742 521 826 579 ἐγώ
845 518 890 566 δ’
921 520 1028 577 ἔχων
1058 523 1262 581 σκύπφον
1290 519 1479 581 Ἐρξίωνι
1499 525 1560 583 τῷ
1582 523 1873 583 Λευκολόφου

267 597 428 653 μεστὸν
458 595 674 651 ἐξέπινον.
1481 594 1483 597 ’

381 674 468 715 Duo
499 675 674 715 membra
703 674 816 727 parili
849 675 1098 727 dispositione
1139 675 1415 717 vocabulorum
1455 676 1661 719 artifieiose
1700 679 1801 719 inter
1830 690 1874 719 se

268 749 499 801 respondent
527 750 569 789 in
610 748 664 789 47
705 743 879 804 μεγάλῳ
926 744 1051 790 δεῦτέ
1087 743 1128 803 μ’
1163 743 1298 804 Ἔρως
1340 744 1504 804 ἔκοψεν
1542 744 1653 792 ὥστε
1693 748 1874 804 χαλκεὺς

268 819 461 873 πελέκει,
502 819 696 878 χειμερίῃ
737 816 782 863 δ’
825 818 1000 865 ἔλουσεν
1040 819 1085 864 ἐν
1123 819 1328 881 χαράδρῃ.
1390 823 1508 865 Poeta
1551 824 1648 869 haec
1688 826 1785 868 dicit
1825 827 1872 868 ob

267 910 437 938 amorem
480 909 595 938 suum
625 910 649 938 a
678 897 810 950 puella
838 898 902 939 vel
931 910 1051 950 puero
1081 900 1325 951 repudiatum
1356 910 1528 940 maerore
1558 902 1706 952 ceptus.
1755 900 1873 942 Aliud

273 972 363 1012 talis
392 972 599 1013 locutionis
628 972 915 1025 metaphoricae
946 972 1164 1025 exemplum
1197 985 1285 1013 eum
1317 975 1422 1014 tanta
1442 973 1605 1014 audacia
1636 975 1674 1015 et
1694 973 1875 1016 violentia

266 1046 438 1098 prolatae
468 1046 566 1087 mihi
598 1060 674 1088 non
703 1049 835 1088 notum
874 1049 941 1088 est.
983 1047 1114 1088 Iooose
1145 1048 1316 1100 quidem,
1356 1048 1395 1087 id
1439 1048 1542 1100 quod
1573 1047 1736 1089 Crusins
1766 1047 1808 1102 (1.
1840 1061 1874 1091 o.

266 1134 304 1173 p.
327 1119 456 1174 2041)
488 1123 610 1173 putat,
639 1121 736 1162 haee
767 1122 869 1162 diota
889 1134 974 1163 esse
994 1121 1091 1162 mihi
1123 1134 1197 1162 non
1220 1123 1411 1164 videntur.
1431 1146 1488 1150 —
1509 1121 1583 1163 Pro
1614 1134 1692 1163 una
1720 1123 1876 1164 notione

267 1196 453 1236 universa
483 1196 557 1236 duo
588 1195 778 1237 voeabula
797 1198 837 1237 vi
858 1198 960 1237 inter
981 1209 1023 1237 se
1053 1209 1127 1237 non
1159 1197 1322 1246 diversa,
1353 1209 1452 1250 quae
1480 1198 1683 1238 coniuncta
1713 1198 1874 1239 eandem

266 1271 495 1311 sententiam
526 1271 701 1321 reddunt,
731 1273 925 1323 ponuntur
954 1271 1017 1311 his
1047 1271 1166 1311 loeis:
1199 1270 1264 1322 63,
1296 1271 1320 1312 8
1353 1266 1538 1326 πατάγῳ
1569 1285 1616 1312 τε
1646 1264 1875 1328 κάλαλητῷ

268 1343 333 1392 74,
365 1345 389 1384 2
418 1339 559 1397 μισέω
590 1339 772 1395 πάντας,
803 1339 900 1385 ὅσοι
917 1340 1124 1395 χθονίους
1154 1340 1297 1396 ἔχουσι
1333 1342 1520 1400 ῥυσμούς
1555 1342 1628 1386 καὶ
1655 1341 1874 1397 χαλεπούς

268 1418 321 1459 87
352 1415 475 1475 κνιζὴ
503 1415 579 1459 καὶ
600 1415 793 1473 πέπειρα
825 1419 890 1467 94,
912 1419 937 1459 2
969 1414 1109 1460 νείκεα
1129 1415 1204 1460 καὶ
1234 1414 1453 1473 πόλεμον,·
1485 1421 1532 1460 de
1563 1420 1629 1469 43,
1654 1421 1674 1460 1
1709 1433 1742 1461 v.
1763 1421 1874 1463 infra.

381 1493 435 1535 Ut
477 1494 682 1534 verborum
734 1493 999 1546 singulorum,
1043 1495 1098 1534 ita
1148 1495 1431 1535 enuntiatorum
1477 1507 1630 1548 quoque
1674 1494 1875 1536 collocatio

266 1568 560 1621 simplicissima
615 1571 693 1609 est:
749 1570 943 1621 imprimis
999 1570 1129 1610 autem
1174 1570 1391 1622 participiis
1448 1571 1570 1610 utitur
1620 1571 1662 1610 in
1705 1569 1875 1622 singulis

268 1644 450 1684 orationis
479 1644 665 1684 membris
696 1644 976 1695 coniungendis
1007 1644 1072 1697 (ef.
1092 1643 1199 1684 velut
1232 1644 1295 1692 14,
1328 1644 1365 1685 1.
1397 1643 1462 1684 32.
1494 1645 1559 1686 25.
1590 1644 1629 1686 9.
1663 1643 1715 1685 19
1734 1643 1818 1697 8)).

383 1718 796 1759 Coniunctiones
840 1720 1091 1759 inveniuntur
1135 1714 1202 1759 ὅτι
1243 1718 1280 1767 4,
1312 1717 1350 1767 3,
1396 1720 1638 1759 enuntiatum
1676 1720 1876 1772 tamquam

267 1793 375 1833 verbi
398 1793 591 1833 obiectum
612 1794 844 1841 adnectens;
875 1786 988 1842 ὅκως
1010 1792 1074 1840 63,
1098 1793 1122 1833 2
1145 1787 1203 1842 ὡς
1225 1793 1289 1844 62,
1311 1793 1346 1833 3.
1379 1792 1444 1841 63,
1467 1794 1491 1834 5
1514 1805 1600 1834 eum
1633 1794 1875 1834 eoniunetivo

268 1867 388 1908 finali.
428 1859 521 1908 εὖτε
567 1860 757 1926 ‘quando’
791 1880 823 1909 e.
855 1867 984 1908 futuro
1015 1867 1080 1915 77,
1121 1862 1266 1908 ἐπείτε
1300 1880 1367 1926 (επ
1397 1860 1491 1918 quo‘
1534 1867 1588 1908 41
1628 1879 1704 1908 usu
1746 1870 1875 1909 vetere

267 1943 392 1983 ionico
411 1942 472 1995 ⁷):
517 1932 613 1983 haee
653 1943 729 1983 duo
756 1943 964 1983 'subiuneti
1004 1943 1191 1983 enuntiati
1233 1942 1410 1994 exempla
1449 1943 1553 1995 apud
1593 1943 1875 1984 Anaereontem

268 2018 429 2058 exstant.

361 2133 395 2180 6)
420 2137 574 2168 Proodiei
607 2137 704 2168 huius
740 2137 894 2168 carminis
917 2137 1064 2177 (glycon.
1095 2141 1128 2174 -Ι-
1159 2137 1279 2176 aselep.
1304 2137 1427 2168 maior:
1461 2137 1503 2168 cf.
1541 2136 1650 2176 Heph.
1684 2145 1717 2175 p.
1745 2136 1784 2168 71
1804 2135 1875 2176 W.)

268 2194 407 2225 alterum
431 2195 618 2234 exemplum
641 2204 706 2226 non
731 2198 848 2226 exstat.
1662 2196 1674 2203 ’

362 2249 396 2293 7)
420 2242 515 2285 mire:
550 2251 674 2282 Archil.
714 2252 754 2282 18
791 2248 922 2295 (epigr.)
953 2246 1112 2294 Ἀλκιβίη
1145 2246 1329 2292 πλοκάμων
1364 2246 1459 2291 ἱερήν
1494 2244 1641 2292 οἷνέῧηκε
1677 2246 1875 2293 καλύπτρην

261 2303 376 2352 ”Hem
402 2306 580 2351 κουριδίων
606 2299 675 2341 εὖτ’
700 2305 849 2350 ἐκύρησε
873 2303 1006 2351 γάμων,
1038 2308 1117 2339 Her.
1144 2307 1207 2338 vn
1232 2309 1297 2339 209
1331 2307 1540 2347 (Demaratus
1572 2306 1692 2349 Xerxi)
1721 2300 1876 2350 ἤκουσας

271 2363 330 2408 μὲν
355 2363 414 2398 καὶ
437 2362 595 2408 πρότερόν
621 2376 693 2408 μεο,
720 2357 795 2399 εὖτε
817 2362 978 2408 ὁρμῶμεν
1012 2362 1066 2398 ἐπὶ
1100 2361 1162 2406 τὴν
1184 2361 1348 2403 Ἑλλάδα,
1382 2362 1455 2406 περὶ
1491 2362 1557 2397 τῶν
1592 2358 1724 2405 ἀνδρῶν
1746 2361 1875 2398 τούτων

269 2423 329 2465 (so.
354 2422 663 2466 Λακεδαιμονίων);
686 2424 719 2455 11
744 2424 786 2455 63
811 2415 878 2457 εὖτ’
903 2415 943 2456 ἄν
966 2419 1005 2456 δὲ
1029 2421 1162 2465 γίνηται
1186 2418 1386 2464 καταφερὴς
1409 2417 1428 2455 ὅ
1451 2415 1556 2462 ἥλιος,
1583 2421 1629 2452 VI
1653 2422 1694 2454 27
1721 2421 1816 2464 φιλεῖ
1835 2419 1875 2456 δέ

269 2491 340 2518 κως
364 2479 614 2522 προσημαίνειν,
639 2471 709 2514 εὖτ’
733 2474 773 2514 ἄν
791 2479 898 2524 μέλλῃ
923 2474 1055 2523 μεγοίλα
1079 2476 1170 2513 κακὰ
1193 2472 1218 2522 ἦ
1242 2475 1320 2512 πόλι
1341 2471 1366 2521 ἦ
1386 2476 1476 2512 ἔθνει
1491 2476 1642 2512 ἔσεσθαι.
1667 2478 1718 2511 cf.
1735 2479 1872 2511 Lucina.

273 2538 334 2569 dee.
359 2537 433 2578 Syr.
458 2539 513 2570 25.
537 2540 590 2570 36.
618 2539 672 2570 55.
697 2555 742 2562 —
766 2538 929 2569 Athenaei
952 2538 1037 2569 liber
1061 2547 1093 2577 p.
1119 2539 1183 2569 671
1203 2547 1221 2568 e
1245 2533 1362 2574 ἐπείτε,
1387 2537 1452 2568 678
1470 2537 1492 2567 d
1516 2533 1636 2577 ἐπειδή
1649 2545 1658 2575 3
1682 2536 1739 2567 sod
1762 2533 1875 2570 ἐπείτε

270 2595 456 2634 legendum,
482 2595 570 2635 quod
595 2595 721 2627 ionicae
745 2595 877 2626 dialecti
909 2595 1080 2634 proprium
1111 2598 1180 2626 estz
1211 2595 1291 2626 Her.
1315 2594 1381 2624 VII
1405 2595 1426 2626 8
1451 2590 1606 2637 (Xerxes)
1641 2588 1690 2630 ὥς
1713 2589 1779 2635 γὰρ
1803 2588 1874 2635 ἐγώ

270 2648 481 2693 πυνθάνομαι
502 2650 570 2684 τῶν
603 2650 848 2696 πρεσβυτέρων,
874 2647 1011 2694 ου’δαμοὶ
1045 2662 1097 2684 κω
1120 2647 1366 2694 ἠτρεμίσαμεν,
1403 2648 1515 2683 ἐπείτε
1549 2646 1785 2694 παρελάβομεν
1810 2646 1874 2691 τὴν

247 2748 249 2752 ,
269 2706 453 2752 ἡγεμονίην
477 2707 581 2752 τήνδε
603 2707 695 2751 παρὰ
718 2707 865 2752 Μήδων,
898 2706 1013 2752 Κύρου
1037 2705 1236 2746 κατελόντος
1257 2704 1455 2750 Ἀστυάγεα
1469 2719 1476 2725 ·
1500 2731 1508 2739 .
1534 2731 1543 2739 .
1569 2731 1577 2740 .
1607 2703 1740 2755 έγώιδὲ
1762 2703 1873 2740 ἐπείτε

269 2764 455 2811 παρέλαβον
479 2763 535 2799 τὸν
553 2764 670 2809 θρόνον
693 2766 820 2805 τοῦτον,
846 2764 1038 2810 ἐφρόντιζον
1057 2761 1149 2804 ὅκως
1166 2763 1216 2808 μή
1235 2764 1395 2807 λείψομαι
1418 2764 1484 2798 τῶν
1507 2761 1666 2807 πρότερον
1689 2761 1874 2807 γενομένων

272 2820 305 2856 ἐν
329 2823 412 2866 τιμῇ
437 2822 547 2866 τῇδε.
568 2848 574 2854 .
592 2845 619 2865 .,
643 2825 694 2855 111
714 2827 775 2857 117
800 2823 899 2858 τοῦτο
922 2821 960 2858 τὸ
987 2822 1098 2858 πεδίον
1115 2815 1159 2866 ἦν
1182 2821 1242 2866 μέν
1267 2832 1344 2856 κοτε
1367 2820 1589 2865 Χορασμίων,
1614 2845 1621 2853 .
1640 2844 1648 2852 .
1668 2846 1674 2852 .
1700 2817 1812 2854 ἐπείτε
1833 2817 1873 2855 δὲ

271 2878 407 2922 Πέρσαι
431 2877 544 2924 ἔχουσι
568 2878 605 2914 τό
631 2878 766 2924 κράτος,
791 2879 865 2915 ἐστὶ
888 2880 947 2915 τοῦ
973 2879 1137 2926 βασιλέος.
1163 2898 1207 2905 -
1232 2880 1402 2911 Enuntinti
1434 2879 1600 2911 subiuueti
1631 2878 1814 2910 subiectum
1837 2878 1872 2910 in

270 2937 365 2969 initio
381 2938 525 2979 positum
542 2942 609 2969 est:
636 2933 653 2973 ὁ
671 2936 849 2982 Μεγίστης
866 2933 896 2971 δ’
913 2933 932 2970 o‘
949 2933 1123 2982 φιλόφρων
1147 2935 1233 2972 δέκα
1249 2934 1294 2980 δὴ
1314 2935 1419 2979 μῆνες
1436 2933 1547 2971 ἐπείτε
1565 2934 1788 2979 στεφανοῦται
1799 2956 1807 2966 .
1819 2959 1829 2968 .
1843 2945 1872 2975 ,ς
