2144 3412
886 168 1170 212 -23-

227 315 274 345 ex
305 303 369 345 his
396 303 651 345 Anacreontis
681 302 810 343 verbis
839 301 1162 343 Wilamowitzius
1201 312 1264 343 me
1294 300 1464 340 monuit:
1510 298 1563 340 83
1595 295 1835 353 στεφάνους

226 371 264 418 δ’
296 371 402 434 ἀνὴρ
431 377 548 431 τρεῖς
578 372 763 426 ἕκαστος
792 368 916 427 εἶχεν,
947 372 1048 424 τούς
1077 372 1157 429 μὲν
1187 370 1394 428 ῥοδίνους,
1425 371 1501 416 τὸν
1523 370 1572 415 δὲ
1593 368 1834 428 Ναυκρατί-

225 466 300 508 την
315 452 367 505 ²).
426 451 548 493 Pauoi
578 452 700 503 igitur
728 452 758 492 ii
787 450 875 499 loni,
915 451 1059 504 quibus
1089 450 1274 491 Herodoti
1317 452 1354 490 et
1394 449 1640 502 Hippocratis
1680 448 1833 489 oodioes

228 526 357 568 dualis
385 525 545 567 formam
576 526 772 578 praebent,
802 526 977 567 mutandi
1007 527 1099 566 suut
1129 524 1194 578 (of.
1224 523 1341 565 Blass
1370 523 1391 564 Ι
1422 522 1537 576 363).

225 612 263 654 3.
310 613 670 653 Aoousativus
700 612 882 652 adieetivi
915 613 954 652 et
981 611 1174 663 singulari
1202 622 1363 651 numero
1395 612 1432 651 et
1459 608 1603 661 plurali
1631 621 1722 662 pro
1752 609 1831 649 ad-

222 687 402 728 verbio
431 687 597 738 ponitur,
626 688 671 727 ut
699 686 826 739 qualis
847 687 900 727 sit
921 687 1019 727 aetio
1039 686 1229 739 quaedam
1248 684 1311 726 vel
1337 685 1431 737 quid
1453 685 1647 725 contineat
1674 684 1832 732 indicet,

222 761 286 802 his
304 760 424 802 loeis:
454 760 491 809 4,
517 762 538 801 1
570 757 815 815 παρθένιον
843 757 1021 813 βλέπων
1053 760 1158 807 75,1
1190 755 1321 811 λοξὸν
1349 755 1575 811 βλέπουσα
1607 758 1643 806 6,
1665 758 1689 798 3
1719 754 1830 812 βαρὺ

222 832 514 890 παταγέουσιν
559 836 608 877 10
638 830 787 891 ὑψηλοὶ
816 831 1065 891 νενοημένος
1110 834 1175 882 45,
1207 834 1232 874 2
1260 828 1463 887 χαρίεντα
1494 826 1598 888 ᾅδω,
1627 827 1828 887 χαρίεντα

221 906 342 962 λέξαι
394 910 459 959 75,
500 911 524 950 5
564 910 705 965 κοῑφα
748 908 969 964 σκιρτῶσα
1022 909 1100 949 151
1142 905 1312 961 κορωνά
1351 902 1515 959 βαίνων
1567 906 1647 947 168
1689 904 1828 947 σαῦλα

218 980 396 1038 βαίνειν.
455 985 562 1026 Haeo
592 986 786 1026 structura
815 985 855 1024 in
885 984 994 1036 epioo
1033 994 1186 1036 quoque
1225 993 1403 1022 sermone
1446 981 1580 1021 erebro
1611 981 1828 1028 invenitur;

220 1060 268 1102 ei.
296 1059 406 1100 velut
450 1061 488 1100 Γ
512 1059 593 1100 342
630 1054 771 1099 δεινὸν
812 1051 1074 1112 δερκόμενοι,
1114 1058 1167 1098 Λ
1202 1056 1252 1097 10
1294 1050 1406 1096 ἔνθα
1444 1047 1568 1095 στᾶσ’
1610 1047 1711 1110 ἤυσε
1742 1052 1828 1095 θεὰ

216 1130 328 1187 μέγα
357 1146 403 1174 τε
432 1128 575 1174 δεινόν
603 1146 649 1173 τε
678 1125 802 1186 ὄρθι’
846 1131 902 1185 (h.
932 1144 964 1173 e.
995 1125 1351 1184 ἀνατεταμένως),
1391 1144 1406 1170 ι
1437 1129 1519 1170 395
1560 1125 1828 1184 σμερδαλέον

217 1205 266 1250 δὲ
293 1202 384 1261 μέγ’
417 1202 598 1263 ᾤμωξεν
628 1207 693 1259 (Χ
711 1206 794 1247 408
825 1199 1008 1261 ᾤμωξεν
1037 1198 1083 1246 δ’
1116 1200 1310 1258 ἐλεεινά),
1343 1205 1383 1245 Β
1407 1204 1489 1245 224
1519 1201 1666 1260 μακρὰ
1697 1204 1786 1256 βοιῖ
1791 1218 1827 1252 ν,

217 1296 245 1323 α
269 1282 347 1323 155
370 1278 501 1322 καλὸν
519 1274 703 1329 (isidam
735 1282 873 1322 deinde
894 1292 940 1322 ex
965 1281 1111 1322 eomioo
1133 1292 1311 1321 sermone
1332 1280 1535 1321 notissima
1555 1281 1625 1321 est.
1671 1279 1825 1320 Addere

217 1356 304 1398 volo
341 1356 432 1397 Eur.
462 1355 557 1397 -ΔΙο,
590 1355 672 1397 ’773
703 1354 927 1408 (Hercules)
971 1345 1106 1406 οὗτος,
1146 1350 1190 1395 τί
1219 1350 1376 1408 σεμνὸν
1416 1350 1493 1395 καὶ
1533 1349 1826 1409 πεφροντικὸς

211 1426 417 1483 βλέπεις,·
739 1420 741 1423 ’

213 1516 251 1559 4.
299 1516 395 1557 Pra
408 1529 463 1569 ep
478 1518 675 1557 osition
689 1528 740 1557 es
771 1527 872 1568 quae
900 1517 1006 1567 apud
1025 1516 1308 1556 Anaoreontem
1338 1516 1587 1556 inveniantur
1615 1515 1823 1556 verborum

212 1592 327 1633 index
357 1593 397 1632 in
426 1591 503 1632 fine
523 1592 673 1643 positus
704 1592 826 1633 docet.
886 1591 962 1632 Hie
991 1602 1058 1632 eas
1088 1592 1240 1631 tantum
1270 1602 1499 1643 oomponere
1529 1589 1625 1641 volo,
1656 1601 1821 1643 quarum

210 1677 306 1708 usus
336 1669 404 1707 aut
431 1678 543 1707 rarus
574 1669 634 1707 est
662 1668 730 1707 aut
758 1678 782 1706 a
811 1665 966 1718 vulgari
997 1665 1180 1707 deflectit,

326 1748 392 1792 ἑνε
423 1764 506 1794 rem
536 1754 731 1805 quandam
761 1764 850 1793 oum
880 1752 960 1793 alia
989 1753 1234 1793 coniunctam
1265 1752 1463 1804 exprimit;
1506 1744 1682 1793 καλοῖσ’
1715 1745 1820 1792 ὕπο·

213 1821 415 1876 πίνοντες
444 1822 490 1867 ἐν
518 1821 668 1880 ὕμνοις
699 1827 765 1875 63,
799 1827 861 1868 10.
920 1826 1111 1868 Similiter
1141 1827 1188 1867 de
1218 1828 1563 1867 instrumentorum
1582 1827 1819 1867 musicorum

211 1902 395 1942 comitatu
417 1901 610 1942 Pindarus
631 1913 919 1955 nonnumquam
943 1903 1084 1942 utitur:
1116 1901 1157 1943 Ο.
1179 1901 1214 1941 V
1237 1901 1289 1942 19
1313 1896 1458 1950 ἱκέτας
1488 1897 1621 1942 σέθεν
1640 1895 1820 1955 ἔρχομαι

212 1971 404 2025 Λυδίοις
446 1968 600 2016 ἀπύων
643 1971 688 2016 ἐν
718 1968 890 2027 αἰλοῖς,
945 1976 1024 2017 VII
1050 1976 1100 2016 11
1133 1971 1288 2018 ἄλλοτε
1333 1969 1377 2016 δ’
1411 1969 1544 2017 ἄλλον
1583 1971 1819 2017 ἐποπτεύει

211 2045 354 2104 Χάρις
385 2045 643 2104 ζωθάλμιος
672 2044 878 2104 ἁδυμελεῖ
897 2045 1027 2104 θάμα
1046 2047 1127 2104 μὲν
1147 2045 1355 2106 φόρμιγγι
1387 2044 1677 2106 παμφώνοισί
1706 2043 1750 2091 τ’
1773 2046 1819 2092 ἐν

207 2119 373 2167 ἔντεσιν
403 2118 559 2177 αὐλῶν,
590 2126 631 2166 Ρ.
654 2126 695 2167 11
717 2126 770 2166 69
802 2122 851 2166 τὸ
885 2120 1159 2181 Καστόρειον
1189 2117 1231 2165 δ’
1264 2121 1310 2166 ἐν
1338 2120 1607 2167 Αἰολίδεσσι
1635 2122 1818 2181 χορδαῖς

205 2195 352 2242 θέλων
380 2194 590 2255 ἄθρησον,
622 2199 652 2240 1.
674 2199 710 2240 V
726 2200 778 2241 26
809 2195 885 2241 καὶ
913 2197 994 2254 γὰρ
1023 2194 1176 2256 ἡρώων
1207 2193 1369 2254 ἀγαθοὶ
1400 2196 1668 2254 πολεμισταὶ
1688 2195 1817 2254 λόγον

299 2385 589 2431 „nemeen
758 2388 1236 2431 υυ-υ-Ι-υ-υ..υ

204 2501 408 2535 σίτησις
807 2514 983 2559 υ,υ,,1
1004 2526 1242 2545 υυυυυυ

204 2628 375 2661 Habemus
391 2628 492 2669 igitur
509 2630 542 2661 in
559 2633 698 2670 utroque
715 2630 898 2670 fragmento
914 2640 1057 2673 versum,
1084 2632 1178 2664 cuiue
1191 2633 1330 2665 alterum
1347 2631 1531 2664 membrum
1557 2632 1811 2673 ithypheliieum

207 2690 269 2719 eet.
316 2686 419 2718 Aliud
444 2687 540 2719 huius
564 2697 679 2720 ver-ue
703 2689 889 2729 exemplum
913 2688 992 2720 mihi
1018 2699 1083 2721 uon
1108 2694 1221 2722 notum
1246 2694 1316 2731 σοις
1348 2691 1487 2723 sortaeee
1510 2699 1709 2731 componere
1733 2691 1812 2723 lieet

203 2752 277 2775 eum
312 2744 352 2775 iis
387 2744 446 2775 hoe
482 2754 620 2777 verene:
656 2744 779 2787 Sappu.
817 2746 893 2785 103,
928 2747 1036 2779 Alem.
1061 2748 1115 2780 ³6.
1142 2747 1219 2779 'ub
1254 2748 1325 2790 (ubi
1363 2747 1450 2780 idem
1483 2747 1663 2780 membrum
1702 2749 1810 2781 redire

203 2799 368 2844 videtur):
399 2807 431 2829 0·
447 2811 516 2831 -u
532 2824 554 2830 -
571 2808 603 2831 ευ·
649 2812 802 2832 ,xa-u
818 2827 841 2831 -
856 2811 910 2846 ε,
945 2805 990 2835 it·
1014 2809 1050 2836 ut
1075 2805 1107 2836 in·
1143 2805 1252 2846 priore
1276 2814 1392 2838 verene
1417 2806 1637 2838 Anacreonte!
1661 2807 1809 2839 membro

201 2858 349 2900 syllam·
373 2858 492 2891 breves
517 2863 551 2891 et
572 2860 690 2900 long-⁸
713 2866 803 2893 serto
826 2862 861 2893 in
884 2863 959 2894 loeo
993 2872 1059 2894 nou
1083 2862 1160 2903 poni
1196 2867 1230 2895 et
1262 2867 1387 2895 certum
1410 2863 1614 2904 syllabarum
1637 2874 1808 2898 numerum

201 2924 267 2948 non
292 2916 474 2949 desiderari
498 2918 569 2959 (8¹,
597 2919 630 2957 1)
653 2918 845 2954 indicemus.
891 2918 955 2952 Sed
978 2930 1032 2953 ree
1055 2920 1191 2953 incerta.
