<?xml version="1.0" encoding="UTF-8"?>
<!DOCTYPE html PUBLIC "-//W3C//DTD XHTML 1.0 Transitional//EN"
    "http://www.w3.org/TR/xhtml1/DTD/xhtml1-transitional.dtd">
<html xmlns="http://www.w3.org/1999/xhtml" xml:lang="en" lang="en">
 <head>
  <title>
</title>
<meta http-equiv="Content-Type" content="text/html;charset=utf-8" />
  <meta name='ocr-system' content='tesseract 3.04.00' />
  <meta name='ocr-capabilities' content='ocr_page ocr_carea ocr_par ocr_line ocrx_word'/>
</head>
<body>
  <div class='ocr_page' id='page_1' title='image "anacreonteascrip00webeuoft_0047.png"; bbox 0 0 2144 3412; ppageno 0'>
   <div class='ocr_carea' id='block_1_1' title="bbox 271 360 1888 855">
    <p class='ocr_par' dir='ltr' id='par_1_1' title="bbox 386 360 865 413">
     <span class='ocr_line' id='line_1_1' title="bbox 386 360 865 413; baseline 0.004 -11"><span class='ocrx_word' id='word_1_1' title='bbox 386 361 484 402; x_wconf 88' lang='lat' dir='ltr'>XIII</span> <span class='ocrx_word' id='word_1_2' title='bbox 514 360 539 400; x_wconf 88' lang='grc'>4</span> <span class='ocrx_word' id='word_1_3' title='bbox 570 361 645 408; x_wconf 85' lang='lat'><strong>(=</strong></span> <span class='ocrx_word' id='word_1_4' title='bbox 678 361 758 401; x_wconf 92' lang='grc'><strong>114</strong></span> <span class='ocrx_word' id='word_1_5' title='bbox 789 361 865 413; x_wconf 92' lang='grc' dir='ltr'>Β.).</span> 
     </span>
    </p>

    <p class='ocr_par' dir='ltr' id='par_1_2' title="bbox 271 435 1888 855">
     <span class='ocr_line' id='line_1_2' title="bbox 386 435 1885 488; baseline -0.001 -13"><span class='ocrx_word' id='word_1_6' title='bbox 386 436 642 476; x_wconf 71' lang='lat' dir='ltr'><strong>Anacreontis</strong></span> <span class='ocrx_word' id='word_1_7' title='bbox 672 438 750 476; x_wconf 83' lang='lat' dir='ltr'><strong>est:</strong></span> <span class='ocrx_word' id='word_1_8' title='bbox 790 448 881 477; x_wconf 84' lang='lat' dir='ltr'><strong>vero</strong></span> <span class='ocrx_word' id='word_1_9' title='bbox 910 437 1027 477; x_wconf 77' lang='lat' dir='ltr'><strong>amici</strong></span> <span class='ocrx_word' id='word_1_10' title='bbox 1057 437 1193 477; x_wconf 83' lang='lat' dir='ltr'><strong>mortis</strong></span> <span class='ocrx_word' id='word_1_11' title='bbox 1223 448 1397 477; x_wconf 87' lang='lat' dir='ltr'><strong>maerore</strong></span> <span class='ocrx_word' id='word_1_12' title='bbox 1426 438 1579 488; x_wconf 88' lang='lat' dir='ltr'><strong>poetam</strong></span> <span class='ocrx_word' id='word_1_13' title='bbox 1613 447 1699 476; x_wconf 85' lang='lat' dir='ltr'><strong>esse</strong></span> <span class='ocrx_word' id='word_1_14' title='bbox 1730 435 1885 487; x_wconf 77' lang='lat' dir='ltr'><strong>captum</strong></span> 
     </span>
     <span class='ocr_line' id='line_1_3' title="bbox 271 502 1888 565; baseline -0.002 -14"><span class='ocrx_word' id='word_1_15' title='bbox 271 522 398 551; x_wconf 88' lang='lat' dir='ltr'><strong>noune</strong></span> <span class='ocrx_word' id='word_1_16' title='bbox 426 510 564 551; x_wconf 75' lang='lat' dir='ltr'><strong>vides?</strong></span> <span class='ocrx_word' id='word_1_17' title='bbox 609 502 782 563; x_wconf 79' lang='grc' dir='ltr'>ἀμύνων</span> <span class='ocrx_word' id='word_1_18' title='bbox 827 505 1044 565; x_wconf 81' lang='grc' dir='ltr'><strong><em>πατρίδος</em></strong></span> <span class='ocrx_word' id='word_1_19' title='bbox 1087 505 1287 565; x_wconf 81' lang='grc' dir='ltr'><strong><em>δουληίην</em></strong></span> <span class='ocrx_word' id='word_1_20' title='bbox 1326 511 1439 551; x_wconf 79' lang='lat' dir='ltr'><strong>dicit:</strong></span> <span class='ocrx_word' id='word_1_21' title='bbox 1487 510 1604 551; x_wconf 86' lang='lat' dir='ltr'><strong>&#39;l&#39;eius</strong></span> <span class='ocrx_word' id='word_1_22' title='bbox 1646 510 1770 562; x_wconf 79' lang='lat' dir='ltr'><strong>igitur</strong></span> <span class='ocrx_word' id='word_1_23' title='bbox 1812 509 1888 549; x_wconf 86' lang='lat' dir='ltr'><strong>fuit</strong></span> 
     </span>
     <span class='ocr_line' id='line_1_4' title="bbox 271 583 1886 638; baseline -0.001 -12"><span class='ocrx_word' id='word_1_24' title='bbox 271 584 539 626; x_wconf 82' lang='lat' dir='ltr'><strong>Aristoolides.</strong></span> <span class='ocrx_word' id='word_1_25' title='bbox 571 583 739 625; x_wconf 79' lang='lat' dir='ltr'><strong>Mettum</strong></span> <span class='ocrx_word' id='word_1_26' title='bbox 768 585 1011 626; x_wconf 73' lang='lat' dir='ltr'><strong>trochaicum</strong></span> <span class='ocrx_word' id='word_1_27' title='bbox 1040 586 1082 626; x_wconf 92' lang='lat' dir='ltr'><strong>in</strong></span> <span class='ocrx_word' id='word_1_28' title='bbox 1111 586 1284 638; x_wconf 79' lang='lat' dir='ltr'><strong>antiquis</strong></span> <span class='ocrx_word' id='word_1_29' title='bbox 1305 586 1571 626; x_wconf 75' lang='lat' dir='ltr'><strong>monumentis</strong></span> <span class='ocrx_word' id='word_1_30' title='bbox 1599 583 1886 637; x_wconf 73' lang='lat' dir='ltr'><strong>sepulcralibus</strong></span> 
     </span>
     <span class='ocr_line' id='line_1_5' title="bbox 271 658 1886 712; baseline -0.001 -12"><span class='ocrx_word' id='word_1_31' title='bbox 271 671 348 700; x_wconf 91' lang='lat' dir='ltr'><strong>non</strong></span> <span class='ocrx_word' id='word_1_32' title='bbox 386 659 592 707; x_wconf 83' lang='lat' dir='ltr'><strong>invenitur,</strong></span> <span class='ocrx_word' id='word_1_33' title='bbox 631 659 673 699; x_wconf 93' lang='lat' dir='ltr'><strong>hi</strong></span> <span class='ocrx_word' id='word_1_34' title='bbox 713 660 836 711; x_wconf 83' lang='lat' dir='ltr'><strong>igitur</strong></span> <span class='ocrx_word' id='word_1_35' title='bbox 863 671 1000 700; x_wconf 83' lang='lat' dir='ltr'><strong>versus</strong></span> <span class='ocrx_word' id='word_1_36' title='bbox 1039 661 1081 700; x_wconf 90' lang='lat' dir='ltr'><strong>in</strong></span> <span class='ocrx_word' id='word_1_37' title='bbox 1120 659 1251 712; x_wconf 85' lang='lat' dir='ltr'><strong>lapide</strong></span> <span class='ocrx_word' id='word_1_38' title='bbox 1292 660 1446 700; x_wconf 89' lang='lat' dir='ltr'><strong>omnino</strong></span> <span class='ocrx_word' id='word_1_39' title='bbox 1489 671 1567 700; x_wconf 92' lang='lat' dir='ltr'><strong>non</strong></span> <span class='ocrx_word' id='word_1_40' title='bbox 1607 661 1718 700; x_wconf 89' lang='lat' dir='ltr'><strong>erant</strong></span> <span class='ocrx_word' id='word_1_41' title='bbox 1757 658 1886 699; x_wconf 79' lang='lat' dir='ltr'><strong>incisi.</strong></span> 
     </span>
     <span class='ocr_line' id='line_1_6' title="bbox 272 731 1887 787; baseline -0.001 -13"><span class='ocrx_word' id='word_1_42' title='bbox 272 733 477 774; x_wconf 84' lang='lat' dir='ltr'><strong>Praeterea</strong></span> <span class='ocrx_word' id='word_1_43' title='bbox 506 735 618 785; x_wconf 88' lang='lat' dir='ltr'><strong>poeta</strong></span> <span class='ocrx_word' id='word_1_44' title='bbox 646 734 687 774; x_wconf 91' lang='lat' dir='ltr'><strong>in</strong></span> <span class='ocrx_word' id='word_1_45' title='bbox 716 734 767 774; x_wconf 89' lang='lat' dir='ltr'><strong>iis</strong></span> <span class='ocrx_word' id='word_1_46' title='bbox 806 734 891 786; x_wconf 88' lang='lat' dir='ltr'><strong>ipse</strong></span> <span class='ocrx_word' id='word_1_47' title='bbox 920 733 1113 787; x_wconf 83' lang='lat' dir='ltr'><strong>loquitur:</strong></span> <span class='ocrx_word' id='word_1_48' title='bbox 1154 734 1204 774; x_wconf 84' lang='lat' dir='ltr'><strong>ad</strong></span> <span class='ocrx_word' id='word_1_49' title='bbox 1245 745 1403 775; x_wconf 77' lang='lat' dir='ltr'><strong>carmen</strong></span> <span class='ocrx_word' id='word_1_50' title='bbox 1445 734 1569 786; x_wconf 85' lang='lat' dir='ltr'><strong>igitur</strong></span> <span class='ocrx_word' id='word_1_51' title='bbox 1611 734 1696 774; x_wconf 86' lang='lat' dir='ltr'><strong>eius</strong></span> <span class='ocrx_word' id='word_1_52' title='bbox 1726 731 1887 785; x_wconf 77' lang='lat' dir='ltr'><strong>aliquod</strong></span> 
     </span>
     <span class='ocr_line' id='line_1_7' title="bbox 275 808 1010 855; baseline 0.001 -7"><span class='ocrx_word' id='word_1_53' title='bbox 275 809 406 849; x_wconf 79' lang='lat' dir='ltr'><strong>cantui</strong></span> <span class='ocrx_word' id='word_1_54' title='bbox 437 808 674 855; x_wconf 83' lang='lat' dir='ltr'><strong>destinatum</strong></span> <span class='ocrx_word' id='word_1_55' title='bbox 704 810 807 849; x_wconf 88' lang='lat' dir='ltr'><strong>oerte</strong></span> <span class='ocrx_word' id='word_1_56' title='bbox 835 809 1010 849; x_wconf 83' lang='lat' dir='ltr'><strong>redeunt.</strong></span> 
     </span>
    </p>
   </div>
   <div class='ocr_carea' id='block_1_2' title="bbox 268 944 1889 1220">
    <p class='ocr_par' dir='ltr' id='par_1_3' title="bbox 268 944 1889 1220">
     <span class='ocr_line' id='line_1_8' title="bbox 387 944 1887 998; baseline -0.001 -12"><span class='ocrx_word' id='word_1_57' title='bbox 387 945 494 986; x_wconf 84' lang='lat' dir='ltr'><strong>Haeo</strong></span> <span class='ocrx_word' id='word_1_58' title='bbox 525 945 655 993; x_wconf 89' lang='lat' dir='ltr'><strong>habui,</strong></span> <span class='ocrx_word' id='word_1_59' title='bbox 687 957 786 998; x_wconf 90' lang='lat' dir='ltr'><strong>quae</strong></span> <span class='ocrx_word' id='word_1_60' title='bbox 817 946 864 986; x_wconf 87' lang='lat' dir='ltr'><strong>de</strong></span> <span class='ocrx_word' id='word_1_61' title='bbox 895 946 1190 998; x_wconf 72' lang='lat' dir='ltr'><strong>epigrammatis</strong></span> <span class='ocrx_word' id='word_1_62' title='bbox 1221 945 1385 986; x_wconf 72' lang='lat' dir='ltr'><strong>dicenda</strong></span> <span class='ocrx_word' id='word_1_63' title='bbox 1414 956 1502 985; x_wconf 85' lang='lat' dir='ltr'><strong>esse</strong></span> <span class='ocrx_word' id='word_1_64' title='bbox 1531 944 1632 985; x_wconf 90' lang='lat' dir='ltr'><strong>mihi</strong></span> <span class='ocrx_word' id='word_1_65' title='bbox 1652 945 1887 985; x_wconf 80' lang='lat' dir='ltr'><strong>viderentur.</strong></span> 
     </span>
     <span class='ocr_line' id='line_1_9' title="bbox 271 1017 1887 1072; baseline -0.001 -13"><span class='ocrx_word' id='word_1_66' title='bbox 271 1019 525 1071; x_wconf 84' lang='lat' dir='ltr'><strong>Undeviginti</strong></span> <span class='ocrx_word' id='word_1_67' title='bbox 570 1020 691 1071; x_wconf 85' lang='lat' dir='ltr'><strong>igitur</strong></span> <span class='ocrx_word' id='word_1_68' title='bbox 735 1020 1059 1072; x_wconf 80' lang='lat' dir='ltr'><strong>epigrammatum</strong></span> <span class='ocrx_word' id='word_1_69' title='bbox 1103 1020 1254 1071; x_wconf 86' lang='lat' dir='ltr'><strong>septem</strong></span> <span class='ocrx_word' id='word_1_70' title='bbox 1299 1018 1374 1069; x_wconf 90' lang='lat' dir='ltr'><strong>(VI</strong></span> <span class='ocrx_word' id='word_1_71' title='bbox 1409 1018 1502 1060; x_wconf 86' lang='lat'><strong>134.</strong></span> <span class='ocrx_word' id='word_1_72' title='bbox 1542 1018 1636 1059; x_wconf 76' lang='lat'>135.</span> <span class='ocrx_word' id='word_1_73' title='bbox 1668 1018 1761 1059; x_wconf 83' lang='lat'><strong>140.</strong></span> <span class='ocrx_word' id='word_1_74' title='bbox 1795 1017 1887 1058; x_wconf 90' lang='grc'>144·</span> 
     </span>
     <span class='ocr_line' id='line_1_10' title="bbox 273 1092 1888 1145; baseline 0 -12"><span class='ocrx_word' id='word_1_75' title='bbox 273 1092 367 1135; x_wconf 84' lang='grc'>145.</span> <span class='ocrx_word' id='word_1_76' title='bbox 399 1093 454 1134; x_wconf 87' lang='lat' dir='ltr'><strong>IX</strong></span> <span class='ocrx_word' id='word_1_77' title='bbox 475 1093 570 1135; x_wconf 83' lang='lat'>715.</span> <span class='ocrx_word' id='word_1_78' title='bbox 601 1093 702 1145; x_wconf 78' lang='lat'>716)</span> <span class='ocrx_word' id='word_1_79' title='bbox 731 1094 986 1135; x_wconf 76' lang='lat' dir='ltr'><strong>Anacreontis</strong></span> <span class='ocrx_word' id='word_1_80' title='bbox 1023 1104 1101 1134; x_wconf 91' lang='lat' dir='ltr'><strong>non</strong></span> <span class='ocrx_word' id='word_1_81' title='bbox 1140 1105 1227 1134; x_wconf 83' lang='lat' dir='ltr'><strong>esse</strong></span> <span class='ocrx_word' id='word_1_82' title='bbox 1267 1094 1471 1134; x_wconf 88' lang='lat' dir='ltr'><strong>ostendere</strong></span> <span class='ocrx_word' id='word_1_83' title='bbox 1509 1094 1669 1133; x_wconf 77' lang='lat' dir='ltr'><strong>conatus</strong></span> <span class='ocrx_word' id='word_1_84' title='bbox 1700 1104 1808 1133; x_wconf 88' lang='lat' dir='ltr'><strong>sum:</strong></span> <span class='ocrx_word' id='word_1_85' title='bbox 1839 1093 1888 1133; x_wconf 83' lang='lat' dir='ltr'><strong>de</strong></span> 
     </span>
     <span class='ocr_line' id='line_1_11' title="bbox 268 1167 1889 1220; baseline 0.001 -13"><span class='ocrx_word' id='word_1_86' title='bbox 268 1167 433 1220; x_wconf 87' lang='lat' dir='ltr'><strong>reliquis</strong></span> <span class='ocrx_word' id='word_1_87' title='bbox 479 1168 640 1209; x_wconf 79' lang='lat' dir='ltr'><strong>fortasse</strong></span> <span class='ocrx_word' id='word_1_88' title='bbox 685 1179 841 1208; x_wconf 84' lang='lat' dir='ltr'><strong>meeum</strong></span> <span class='ocrx_word' id='word_1_89' title='bbox 891 1179 968 1208; x_wconf 93' lang='lat' dir='ltr'><strong>non</strong></span> <span class='ocrx_word' id='word_1_90' title='bbox 1016 1179 1151 1208; x_wconf 90' lang='lat' dir='ltr'><strong>omnes</strong></span> <span class='ocrx_word' id='word_1_91' title='bbox 1191 1168 1452 1215; x_wconf 77' lang='lat' dir='ltr'><strong>consentient,</strong></span> <span class='ocrx_word' id='word_1_92' title='bbox 1502 1169 1634 1208; x_wconf 79' lang='lat' dir='ltr'><strong>tamen</strong></span> <span class='ocrx_word' id='word_1_93' title='bbox 1681 1178 1889 1208; x_wconf 89' lang='lat' dir='ltr'><strong>numerum</strong></span> 
     </span>
    </p>
   </div>
   <div class='ocr_carea' id='block_1_3' title="bbox 271 1241 1890 1358">
    <p class='ocr_par' dir='ltr' id='par_1_4' title="bbox 271 1241 1890 1358">
     <span class='ocr_line' id='line_1_12' title="bbox 271 1241 1890 1295; baseline 0 -12"><span class='ocrx_word' id='word_1_94' title='bbox 271 1243 468 1295; x_wconf 82' lang='lat' dir='ltr'><strong>quendam</strong></span> <span class='ocrx_word' id='word_1_95' title='bbox 500 1253 632 1283; x_wconf 86' lang='lat' dir='ltr'><strong>eorum</strong></span> <span class='ocrx_word' id='word_1_96' title='bbox 662 1243 798 1294; x_wconf 84' lang='lat' dir='ltr'><strong>poetae</strong></span> <span class='ocrx_word' id='word_1_97' title='bbox 825 1242 980 1283; x_wconf 91' lang='lat' dir='ltr'><strong>omnino</strong></span> <span class='ocrx_word' id='word_1_98' title='bbox 1011 1241 1318 1283; x_wconf 82' lang='lat' dir='ltr'><strong>abiudioandum</strong></span> <span class='ocrx_word' id='word_1_99' title='bbox 1347 1253 1424 1283; x_wconf 89' lang='lat' dir='ltr'><strong>non</strong></span> <span class='ocrx_word' id='word_1_100' title='bbox 1454 1254 1541 1284; x_wconf 84' lang='lat' dir='ltr'><strong>esse</strong></span> <span class='ocrx_word' id='word_1_101' title='bbox 1561 1242 1890 1283; x_wconf 74' lang='lat' dir='ltr'><strong>demonstravisse</strong></span> 
     </span>
     <span class='ocr_line' id='line_1_13' title="bbox 272 1316 545 1358; baseline 0.004 -2"><span class='ocrx_word' id='word_1_102' title='bbox 272 1316 370 1357; x_wconf 91' lang='lat' dir='ltr'><strong>mihi</strong></span> <span class='ocrx_word' id='word_1_103' title='bbox 402 1317 545 1358; x_wconf 87' lang='lat' dir='ltr'><strong>videor.</strong></span> 
     </span>
    </p>
   </div>
  </div>
 </body>
</html>
