2144 3412
1014 249 1296 293 -94-

349 374 490 442 ἔρωτα
522 372 752 426 πεπωκώς.
785 401 839 408 -
875 378 920 419 fr.
952 378 1005 418 57
1047 373 1151 433 φίλη
1192 374 1273 431 γὰρ
1317 369 1382 426 εἶς
1422 371 1619 430 ξείνοισ’,
1665 372 1797 419 ἔασον
1825 373 1877 420 δέ
1903 391 1958 433 με

351 435 389 477 δι
404 434 556 490 queam
587 434 722 475 πιεῖν.
752 434 813 475 De
844 430 988 475 πίνειν
1016 452 1072 468 =
1102 433 1248 490 φιλεῖν
1278 434 1595 479 (1111019101.αά
1616 436 1813 477 Herodem
1836 436 1872 483 1,
1893 436 1959 477 25.

354 517 402 522 -
449 493 566 532 Verbi
614 493 816 559 compositi
843 504 1093 562 προπινειν
1138 492 1280 543 duplex
1321 503 1418 532 usus
1447 495 1506 534 eet
1534 494 1638 562 apud
1667 495 1962 534 Anacreontem

346 552 389 590 11·
422 554 474 590 63
515 543 591 603 ἄγε
623 547 674 615 δὴ
703 544 804 604 φέρ’
838 544 938 603 τμὶν
969 542 1004 589 ὦ
1034 550 1120 590 παῖ
1150 546 1338 603 κελέβην,
1381 545 1496 599 όκως
1534 562 1723 618 αμυστιν
1763 545 1958 602 προπίω

350 609 384 647 h
407 620 437 647 e
460 610 503 647 ut
531 608 742 675 propinem.
775 606 830 647 Cf.
855 609 918 647 Ar.
937 606 1091 647 Theem.
1114 606 1196 647 630
1228 629 1280 636 -—
1304 601 1387 661 φίρ
1417 601 1511 659 ι’,δω
1541 603 1587 649 τί
1604 604 1772 674 μέντοι
1785 607 1960 675 πρῶτον

350 659 420 719 ιἰνς
456 686 499 693 -
536 660 730 732 ἐπίομεν.
763 686 816 692 --
847 659 892 704 τί
925 660 974 704 δὲ
1004 661 1113 717 μετὰ
1147 661 1279 704 τοῦτο
1312 661 1531 719 δεύτερον,·
1568 686 1623 694 -
1662 659 1961 733 προύπίνομεν

348 697 575 790 (ἀλλήλαις
605 716 894 789 ἕδεξιούμεθα
925 721 1074 771 schol..)
1133 720 1306 761 Eandem
1347 724 1426 762 vim
1458 722 1575 763 habet
1603 718 1797 762 ἐκπίνειν
1826 722 1871 762 fr.
1902 721 1957 762 82

347 776 429 832 3ch
460 757 504 818 δ’
536 774 644 830 ἔχων
675 774 879 833 σκύπφον
905 771 1093 833 Ἐρξίωνι
1124 809 1134 819 .
1166 809 1175 818 .
1212 777 1417 832 ,μεστὸι
1447 775 1659 830 ἐξέπινον,
1690 802 1744 808 -
1764 773 1863 820 ἀντὶ
1881 791 1959 820 του

349 833 590 906 προέπινον
631 837 741 876 addit
787 836 1015 876 Athenaeus
1057 835 1130 887 (XI
1163 835 1244 876 498
1257 836 1316 886 e);
1361 837 1490 904 apud
1509 836 1719 877 Homerum
1765 835 1962 904 significat

351 890 496 941 ebibo,
529 887 732 934 exhaurio'
744 893 800 961 (ι
833 893 926 961 353,
948 893 1055 940 361;
1086 906 1113 933 κ
1144 892 1237 939 237,
1259 891 1359 960 318)
1390 898 1456 934 aut
1478 888 1660 945 ‘potando
1690 886 1934 934 consumere'
1949 906 1959 934 :

344 965 370 1002 χ
402 952 454 992 56
486 944 597 991 ι’σσα
637 964 705 991 τοι
737 945 984 991 ἐκπέποται
1024 947 1100 991 καὶ
1128 945 1343 1004 ἕδήδοταί.
1396 950 1629 1019 Propriam
1639 950 1818 992 vocabuli
1849 963 1959 1015 προ-

346 1004 490 1049 πίνειν
530 1010 721 1049 notionem
765 1008 884 1048 habes
924 1007 1034 1048 Pind.
1067 1007 1109 1048 Ο.
1142 1008 1219 1049 VII
1251 1009 1271 1048 1
1314 1003 1476 1076 φιάλαν
1505 1005 1566 1056 ὡς
1594 1002 1640 1048 εί
1667 1021 1736 1057 τις
1774 1001 1960 1078 ἀφνειᾶς

347 1059 441 1106 ἀπὸ
470 1063 614 1118 χειρὸς
655 1060 762 1105 ἑλών
805 1060 929 1106 ἔνδον
959 1058 1162 1133 ἀμπέλου
1191 1062 1486 1116 καχλαζοισαν
1529 1060 1674 1120 δρόσω
1717 1060 1962 1133 δωρήσεται

347 1119 494 1192 νεανίᾳ
531 1122 714 1191 γαμβρῷ
756 1118 986 1189 προπίνων
1026 1117 1206 1163 olm-9321
1235 1117 1398 1164 οι’καδε.
1449 1122 1567 1163 sehol.
1598 1118 1834 1175 προπίνειν
1863 1118 1957 1163 ἐστὶ

346 1177 508 1248 κυρίως
532 1177 583 1221 τὸ
614 1176 705 1234 ἅμα
734 1180 797 1235 τῷ
825 1176 1024 1248 κράματι
1046 1177 1096 1220 τὸ
1126 1173 1300 1246 ἀγγεῖον
1343 1175 1626 1249 χαριζεσθαιὶ
1651 1179 1786 1232 Pergit
1813 1179 1958 1221 sebeli-

350 1243 457 1278 asta:
498 1232 746 1290 Ἀνακρέων
772 1220 839 1290 ι(Τι’.
863 1238 955 1290 626)
978 1230 1110 1278 ἄλλα
1142 1233 1334 1305 πρόπινε
1364 1234 1564 1305 ῥαδινσις
1593 1229 1629 1278 ὦ
1658 1233 1759 1303 φίλε
1787 1230 1958 1306 μηρούς

348 1290 444 1336 ἀντὶ
466 1296 542 1336 τοῦ
570 1291 760 1350 χαρίζου.
784 1292 858 1335 καὶ
881 1291 1175 1365 Δηιιοσθένης
1204 1292 1304 1344 τοὺς
1327 1290 1621 1350 προδιδόντας
1641 1290 1720 1342 τὰς
1741 1289 1960 1349 πατρίδας

347 1354 443 1402 τοῖς
474 1350 654 1408 ἐχθροῖς
685 1348 920 1405 προπίνειν
950 1349 1044 1407 ἔφη.
1076 1353 1186 1392 Hane
1211 1355 1340 1394 autem
1363 1354 1453 1397 vim
1483 1364 1601 1420 quam
1631 1364 1677 1392 ex
1697 1351 1960 1393 Demosthene

346 1411 560 1451 seboliasta
589 1411 797 1458 adnotavit,
829 1410 945 1450 habet
975 1411 1036 1450 hie
1066 1409 1181 1450 locis:
1217 1410 1279 1459 18,
1311 1410 1392 1451 296
1425 1405 1649 1462 ἐπιλείψει
1676 1421 1740 1478 με
1775 1402 1958 1478 λέγονθ’

340 1464 371 1535 1]
402 1463 540 1523 ἱμέρα
581 1464 634 1508 τά
664 1468 750 1508 τῶν
765 1465 1011 1534 προδοτων
1055 1459 1261 1534 ὀνόματα.
1307 1458 1427 1508 οὗτοι
1458 1463 1622 1515 πάντες
1651 1461 1774 1515 εισίν,
1804 1463 1957 1522 ανδρες

340 1506 587 1593 Ἀθηιαῖοι,
619 1557 628 1565 .
661 1556 670 1565 .
705 1556 714 1565 .
748 1518 980 1592 ἅνθρωποι
1009 1520 1163 1578 μιαροὶ
1195 1555 1204 1563 .
1238 1555 1248 1564 .
1281 1555 1290 1564 .
1322 1539 1398 1565 τιν
1427 1519 1679 1592 ἐλευθερίαν
1708 1536 1957 1576 προπεπω-

353 1579 476 1632 κότες
523 1595 736 1638 προτερον
778 1579 877 1650 μὲν
894 1578 1124 1648 Φιλίππῳ,
1170 1582 1240 1621 νῦν
1270 1578 1319 1622 δὲ
1354 1576 1651 1648 Ἀλεξάνδρα-ι
1690 1581 1728 1628 3,
1758 1581 1812 1621 22
1843 1594 1957 1648 προ-

351 1637 546 1681 πέποται
577 1642 654 1696 τῆς
685 1653 931 1708 παραιτικα
970 1634 1150 1690 χάριτος
1190 1653 1244 1680 τα
1275 1637 1354 1695 τῆς
1397 1634 1569 1687 πόλεως
1600 1633 1888 1707 πράγματα
1883 1634 1959 1678 καὶ

348 1694 518 1739 τοιαυτὶ
548 1693 786 1765 συμβαίνει,
832 1711 907 1738 και
949 1694 1004 1738 τὰ
1045 1693 1126 1750 μὲν
1166 1692 1327 1736 τούτων
1358 1692 1502 1738 πάντα
1532 1693 1676 1745 καλῶς
1704 1708 1802 1746 εχει,
1834 1692 1891 1736 τὰ
1919 1691 1958 1736 δ’

348 1749 522 1809 υμέτερ’
556 1751 757 1810 αἰσχρῶς.
818 1755 894 1795 Sed
933 1756 975 1795 in
1013 1755 1160 1806 tragico
1199 1766 1354 1807 quoque
1395 1765 1572 1794 sermone
1603 1753 1723 1794 huius
1752 1752 1960 1794 locutionis

348 1810 522 1866 exempla
574 1816 734 1854 exstant
794 1812 850 1853 Of.
896 1812 1080 1865 Harpoer.
1123 1811 1216 1860 159,
1248 1812 1272 1852 6
1318 1806 1688 1880 προπεπωκότες
1745 1804 1844 1851 ἀντὶ
1885 1809 1963 1850 τοῦ

347 1868 696 1941 προδεδωκότες·
738 1865 786 1909 ἐκ
815 1870 1081 1937 μεταφορᾶς
1097 1865 1146 1909 δὲ
1175 1844 1356 1937 λὲγεται.
1388 1865 1433 1909 ἐν
1465 1862 1571 1924 ἀρχῇ
1600 1865 1650 1909 δὲ
1671 1867 1757 1908 τῶν
1776 1869 1959 1921 Μυρμι-

346 1925 484 1970 δόνων
513 1923 744 1978 Αἰσχύλος
774 1926 836 1979 (fr.
873 1926 995 1980 131)·
1026 1921 1130 1967 τάδε
1160 1924 1241 1996 μὲν
1280 1922 1486 1977 λεύσσεις,
1527 1911 1707 1980 φαίδιμ’
1746 1918 1958 1976 Ἀχιλλεῖ,

347 1981 684 2052 δοριλυμάντους
725 1983 911 2025 Δαναῶν
939 1979 1148 2051 μόχθους,
1179 1998 1253 2033 ους
1282 1980 1624 2052 (προπεπωκιὸς)
1653 1977 1760 2023 εἷ’σω
1785 1977 1961 2031 κλισίας

347 2038 588 2111 <θοίσσεις>;
627 2043 720 2083 Eur.
751 2042 868 2083 Rhes.
900 2042 982 2082 404
1015 2039 1066 2082 σύ
1097 2036 1139 2082 δ’
1176 2038 1344 2110 ἐγγεννς
1373 2055 1434 2082 ων
1461 2036 1686 2095 βάρβαρός
1714 2053 1761 2080 τε
1789 2035 1960 2094 βαρβά-

347 2115 447 2156 ρους
457 2095 662 2169 Ἓλληισιν
693 2095 810 2169 ἡμᾶς
840 2095 1058 2167 προύπιες
1086 2097 1138 2139 τὸ
1169 2098 1246 2139 σόν
1275 2096 1419 2154 μέρος.
1464 2121 1519 2128 -—
1563 2096 1874 2145 Anaer.fr.63‚
1907 2096 1959 2138 10

346 2152 523 2199 καλοῖσ
575 2154 868 2206 ιποπίνοντες
917 2153 963 2197 ἐν
1002 2151 1178 2210 ύμνοις;
1228 2169 1274 2197 ex
1318 2158 1368 2196 iis
1417 2157 1547 2196 verbis
1590 2167 1689 2208 quae
1729 2155 1961 2195 antecedunt

346 2219 507 2269 apparet
546 2217 593 2256 de
624 2217 774 2256 modico
805 2217 898 2267 potu
921 2226 1007 2255 esse
1037 2214 1354 2266 intellegendum.
1413 2214 1523 2253 Idem
1554 2212 1750 2264 signifieat
1778 2213 1820 2252 iu
1849 2212 1960 2252 Anti-

348 2275 487 2342 phanis
516 2274 647 2313 verbis
677 2274 780 2341 apud
810 2273 1022 2312 Α111ε11.ΙΙ
1053 2272 1159 2312 400:
1191 2269 1374 2340 σιυνεχῶς
1403 2267 1483 2324 μὲν
1511 2267 1593 2338 γὰρ
1617 2263 1960 2337 ἐμπιπλάμενος

348 2325 504 2383 (οίνοι)
537 2325 697 2384 ἀμελὴς
725 2325 887 2383 γίνεται
916 2324 1170 2399 ἅνθρωπος,
1210 2323 1442 2369 υποπίνων
1480 2324 1529 2367 δὲ
1560 2321 1675 2367 πάνυ
1704 2337 1957 2381 φροντιστι-

349 2384 437 2439 κός,
468 2388 602 2428 Alexis
623 2389 716 2428 ibid.
738 2389 757 2428 Ι
779 2387 832 2428 34
850 2399 892 2427 e:
923 2383 1053 2437 ἐχθὲς
1073 2382 1297 2436 υπέπινες,
1327 2377 1423 2425 ειτα
1443 2381 1533 2425 νυνὶ
1553 2381 1815 2440 κραιπαλᾷς.
1844 2382 1962 2423 Paul-

350 2446 474 2486 lulum
506 2447 711 2514 111111111111111
741 2457 828 2485 eum
862 2445 898 2484 vi
940 2443 1150 2513 usurpatur
1178 2444 1272 2483 Xen.
1304 2443 1440 2495 Cyrop.
1470 2442 1570 2482 VIII
1600 2442 1637 2490 4,
1669 2441 1693 2482 9
1725 2436 1774 2481 ἐκ
1802 2435 1957 2481 τούτου

348 2498 411 2559 δή,
456 2499 554 2543 ἐπεὶ
595 2498 832 2553 υπὲπινον,
875 2497 1000 2557 ήρετο
1045 2496 1069 2543 ὁ
1102 2496 1356 2555 Ὑστάσπης
1398 2497 1475 2540 τὸν
1518 2500 1684 2553 Κῦρον,
1726 2499 1766 2539 11.
1794 2511 1828 2540 e.
1868 2509 1958 2539 oum

348 2560 645 2629 aliquantulum
674 2561 924 2612 potavissent.
1001 2559 1152 2600 Deinde
1193 2560 1240 2599 de
1286 2559 1392 2598 ebrio
1435 2568 1612 2624 quoque
1631 2557 1782 2597 dieitur.
1839 2554 1884 2595 Β.
1913 2555 1960 2594 Δ.

350 2619 368 2658 Ι
404 2619 495 2666 115,
531 2618 580 2658 10
627 2612 885 2658 υποπίνειν·
936 2609 1034 2657 ἀντὶ
1078 2615 1162 2656 τοῦ
1197 2610 1518 2684 μεθύσκεσθαι.
1570 2608 1707 2662 ου’τως
1752 2611 1960 2668 Νικοφῶν

348 2651 583 2743 Πανδίόρᾳ.
645 2676 699 2716 Cf.
730 2677 797 2715 Ar.
828 2675 921 2726 Lys.
952 2673 1034 2714 395
1066 2669 1091 2729 ἦ
1120 2666 1163 2714 δ’
1196 2665 1507 2713 ὑποπεπωκυῖ’
1539 2666 1566 2727 ἦ
1593 2666 1724 2726 γυνή.

465 2729 763 2800 πολύκροτος.]
823 2733 940 2784 Apud
971 2732 1180 2772 Homeram
1210 2727 1372 2796 κροτέω
1416 2730 1621 2778 invenitur,
1665 2727 1774 2769 velut
1809 2726 1847 2768 O
1875 2725 1958 2768 458

350 2783 478 2844 ι’ριπε
509 2783 552 2830 δ
586 2785 634 2841 ἐξ
665 2783 810 2841 οχέων,
839 2785 1096 2843 υπερώησαν
1125 2785 1176 2828 δέ
1203 2801 1243 2828 οι
1265 2785 1404 2828 ἵπποι
1435 2781 1544 2827 κείν’
1577 2780 1677 2837 όχεα
1696 2779 1958 2839 κροτέοντες,

349 2848 417 2886 sed
447 2859 522 2886 non
565 2843 844 2913 πολύκροτος,
889 2847 991 2899 quod
1021 2848 1191 2898 primum
1222 2845 1365 2896 legitur
1405 2845 1444 2885 h.
1480 2844 1593 2886 Hom.
1623 2843 1757 2884 XVIII
1786 2841 1852 2887 37.
1890 2841 1960 2881 uhi

349 2904 509 2944 Faunus
549 2906 607 2944 sie
646 2906 878 2945 nominatur.
934 2907 1073 2944 Anaer.
1103 2903 1150 2944 fr.
1180 2902 1233 2943 90
1265 2903 1313 2942 de
1340 2902 1485 2942 femina
1523 2901 1577 2957 τῇ
1605 2893 1852 2954 πολυκρότῃ
1881 2894 1960 2939 σύν

348 2957 648 3018 Ιαστροδώριι],
679 2962 718 3004 11.
740 2975 769 3002 e.
791 2963 1011 3014 ganniente.
1041 2961 1181 3002 Athen.
1203 2959 1288 3000 XII
1310 2960 1418 3000 5271
1438 2960 1480 3012 (e
1499 2958 1749 3010 Posideum:
1778 2953 1959 2996 καταυλ-
