2144 3412
255 376 422 416 notionis
450 378 566 427 atque
584 370 826 440 σφίκωμα.
885 373 1071 442 Sophocl.
1099 377 1171 415 (=
1190 374 1234 414 fr.
1257 373 1356 421 317)
1387 374 1491 425 apud
1521 372 1650 414 Schol.
1681 377 1754 424 Ap.
1785 371 1863 412 Rh.

257 432 320 473 111
356 431 465 472 1372
519 427 594 471 καὶ
639 430 778 500 κάρτα
825 426 988 486 φρίξας
1029 443 1074 471 ει
1062 424 1202 485 λτφι)
1257 426 1517 485 σφηκιόματι
1572 424 1864 496 χαλκηλάτοις

257 483 438 557 ὅπλοισι
450 485 631 557 μητρός
672 484 809 540 ἐξέδυ.
870 487 972 538 Quid
1009 489 1062 528 sit
1103 488 1271 540 explicat
1309 488 1430 529 schol.
1461 490 1524 527 Ar
1554 499 1637 539 pac.
1671 486 1780 526 1216
1812 483 1865 526 τὸ

258 541 440 612 σφήκῳμ
494 540 579 596 ἔχει
612 541 747 586 πόνον
777 541 937 585 πολύν·
980 540 1121 594 τόπος
1159 546 1277 600 τῆς
1266 540 1624 599 περικεφαλαίας,
1666 540 1779 584 όπου
1808 540 1863 583 τά

257 599 397 656 πτερὰ
436 597 620 643 δέδεται.
662 602 884 672 Singularis
927 602 1023 643 haec
1063 606 1121 642 est
1159 604 1391 643 substantivi
1434 603 1547 647 notio
1587 613 1676 642 nam
1708 603 1864 641 denotat

258 672 411 713 quoque
439 656 491 699 τὸ
513 656 699 726 πλέγμα,
731 651 825 701 οἷον
853 653 919 699 ότι
943 656 1163 727 ἐπιμελῶς
1192 660 1289 708 τοῖς
1309 654 1460 712 ἱμᾶσιν
1480 655 1697 699 ἐνδέδεται
1719 658 1865 711 (ibid..)

261 717 319 758 Of.
349 717 440 757 Hes.
472 712 716 772 σφήκωμα·
759 730 985 769 πυκνωμα.
1027 713 1101 756 καὶ
1140 711 1165 756 ὁ
1206 713 1378 784 δεσμός.
1411 739 1465 745 —
1481 711 1740 784 σφνκωδης.
1801 717 1865 755 Ar.

259 773 363 816 Plut.
395 773 475 814 561
526 773 737 826 Paupertas
778 776 826 814 de
865 786 908 814 se
946 775 1031 840 ipsa
1070 775 1186 814 dicit:
1236 767 1347 840 παρ’
1390 770 1490 826 ἐμοὶ
1532 749 1583 813 δ
1622 769 1762 823 ισχνοὶ
1792 769 1865 812 καὶ

259 826 508 929 ἔὲινὲκώδεις
536 844 610 872 και
641 833 736 880 τοῖς
766 827 947 883 ἐχθροῖς
975 824 1160 885 ἀνιαροί,
1191 832 1257 883 qui
1289 843 1446 882 corpore
1475 834 1615 871 teretes
1645 836 1748 870 sunt.
1810 829 1868 871 Of.

319 900 341 928 o
401 900 420 928 s
464 900 487 927 v

372 940 668 1000 χρισοκόμης.]
717 945 888 985 Deorum
931 948 990 984 est
1019 944 1214 996 epitheton
1244 956 1396 991 ornans,
1441 943 1548 983 velut
1579 914 1724 983 Bacchi
1757 943 1870 992 (Hes.

257 1002 326 1044 Th.
358 1002 471 1053 947).
502 1003 706 1055 Cupidinis
734 1000 891 1054 (Anacr.
922 1002 966 1041 fr.
1001 1001 1063 1047 14,
1096 1002 1141 1048 2;
1173 1001 1263 1041 Eur.
1294 1001 1324 1041 I.
1346 1002 1389 1040 A.
1422 1000 1535 1051 548),
1566 1000 1732 1053 Zephyri
1763 999 1866 1050 (Alc.

258 1059 306 1102 fr.
349 1059 465 1109 13b),
508 1059 703 1111 Apollinis
746 1058 876 1107 (Pind.
921 1058 963 1098 Ο.
1004 1058 1059 1098 VI
1091 1058 1157 1103 41,
1205 1058 1280 1098 VII
1309 1057 1384 1105 32;
1434 1057 1535 1098 Scol.
1580 1062 1683 1108 apud
1728 1058 1870 1098 Athen.

260 1117 330 1214 {IV
343 1116 444 1214 129}
449 1116 621 1226 ἐὴΕιιι.
652 1117 682 1157 1.
712 1115 743 1156 Τ
768 1115 888 1163 1236,
928 1119 991 1155 Ar.
1022 1126 1081 1155 ον.
1114 1114 1228 1166 217),
1279 1115 1493 1166 Hymenaei
1525 1114 1713 1166 (Philipp.
1753 1114 1869 1154 Anth.

1026 1263 1100 1303 111.

374 1337 571 1397 ἀγαθός]
592 1343 636 1384 fr.
658 1343 735 1383 121
758 1344 806 1383 de
827 1343 972 1382 mensis
989 1342 1133 1382 dicitur
1153 1342 1412 1396 κατηρεφεῖς
1429 1338 1651 1382 παντοίων
1672 1334 1873 1394 ἀγαθῶν.

262 1402 372 1442 Hanc
402 1402 594 1441 notionem
625 1401 737 1452 apud
762 1400 971 1440 Homerum
1003 1400 1173 1439 nondum
1205 1399 1333 1439 habet.
1385 1400 1440 1440 Cf.
1472 1399 1599 1440 Solon
1629 1399 1734 1451 apud
1756 1399 1871 1438 Arist.

258 1451 364 1500 Ἀθ.
395 1455 496 1499 πολ.
527 1458 564 1504 5,
596 1457 620 1497 3
662 1451 789 1510 ἱμεῑς
830 1450 874 1496 δ’
921 1451 1211 1511 νσυχάσαντες
1250 1451 1312 1496 ἐνὶ
1343 1453 1471 1525 φρεσὶ
1511 1452 1718 1509 καρτερὸν
1756 1448 1873 1523 ἦτορ,

263 1510 310 1558 o‘c
340 1513 516 1556 πολλῶν
536 1508 716 1567 ἀγαθῶν
747 1511 792 1563 ἐς
812 1511 944 1581 κόρον
964 1507 1165 1568 ν’λάσατε
1195 1509 1241 1553 ἐν
1259 1510 1476 1566 μετρίοισι
1499 1510 1717 1567 τρέψεσθε
1737 1509 1876 1566 μέγαν

262 1568 376 1613 νόον.
427 1574 492 1613 Ar.
525 1585 630 1624 vesp.
657 1572 765 1613 1304
796 1565 928 1620 εὐθυς
955 1567 1037 1625 γάρ
1068 1565 1129 1620 ὡς
1159 1567 1370 1626 ἐνέπλητο
1404 1569 1666 1623 (Philocleon)
1700 1567 1879 1610 πολλῶν

265 1625 488 1698 κάγαθῶν.

380 1681 560 1740 ἄγριος]
606 1686 833 1727 Derivatum
863 1686 913 1726 ab
944 1678 1087 1738 ἀγρός,
1119 1684 1388 1736 principaliter
1418 1686 1466 1725 de
1495 1685 1545 1724 iis
1575 1685 1692 1725 rebus
1723 1685 1876 1731 dicitur,

267 1756 368 1798 quae
399 1744 507 1785 velut
535 1744 693 1796 plantae
733 1743 794 1783 vel
825 1743 983 1783 arbores
1012 1742 1184 1783 incultae
1215 1745 1404 1791 crescunt,
1445 1741 1507 1781 vel
1539 1743 1586 1782 de
1617 1742 1753 1782 bestiis
1782 1741 1878 1782 feris

267 1807 305 1843 et
334 1802 383 1842 de
413 1801 651 1842 animalibus
680 1802 892 1851 indomitis,
922 1800 1108 1840 translate
1139 1811 1293 1852 quoque
1324 1800 1371 1839 ad
1404 1811 1559 1851 pugnae
1589 1800 1791 1839 acritatem
1815 1798 1877 1839 vel

267 1870 418 1900 morum
447 1859 697 1925 asperitatem
739 1858 987 1898 indicandam
1030 1857 1249 1897 adhibetur
1307 1858 1422 1908 Apud
1465 1857 1677 1897 Homerum
1719 1857 1877 1908 quidem

269 1917 467 1957 invenitur
510 1909 659 1968 ἄγριος
690 1911 886 1967 πόλεμος
915 1915 976 1963 (Ρ
984 1913 1110 1982 737).
1139 1911 1288 1966 μῶλος
1318 1914 1375 1962 (Ρ
1397 1913 1510 1965 397),
1539 1909 1669 1964 χόλος
1699 1912 1761 1965 (Δ
1792 1912 1876 1964 23),

269 1968 421 2027 ἄγριον
450 1969 581 2026 μένος
610 1974 675 2021 (λ
701 1971 804 2012 313:
836 1973 882 2014 ct.
899 1965 941 2012 ἀ.
973 1965 1076 2026 ὀργή
1107 1970 1266 2023 Phocyl.
1288 1970 1372 2022 57),
1402 1972 1472 2011 sed
1492 1972 1662 2011 nondum
1684 1971 1732 2010 de
1754 1971 1878 2010 ventis

269 2034 338 2071 aut
366 2031 414 2071 de
443 2031 541 2070 mari
572 2030 868 2082 tempestatibus
907 2030 1060 2070 turbato
1091 2029 1242 2069 dicitur.
1301 2030 1439 2068 Anacr.
1471 2028 1518 2069 fr.
1552 2029 1575 2068 6
1607 2022 1749 2081 ἄγριοι
1789 2040 1879 2078 χει-

270 2088 422 2142 μῶνες.
482 2086 1013 2128 cf.Aeseh.Prom.1o45
1049 2080 1217 2153 ἀγρίων
1257 2078 1447 2154 ἀνέμων,
1473 2085 1608 2151 Suppl.
1640 2085 1693 2125 35
1723 2084 1881 2139 βροντῖ

275 2144 469 2212 στεροπῆ·
498 2138 539 2184 τ’
572 2138 918 2213 ομβροφόροισίν
959 2137 1002 2183 τ’
1034 2137 1213 2196 ἀνέμοις
1241 2155 1397 2210 αγριας
1427 2137 1543 2191 ἁλός,
1575 2143 1666 2183 Eur.
1697 2143 1881 2182 Androm.

272 2202 355 2243 ‘748
383 2215 591 2255 χειματος
620 2195 784 2254 ἀγρίοι,
818 2202 909 2243 Her.
942 2201 1029 2242 851
1057 2198 1291 2241 θάλασσαν
1321 2193 1474 2253 ἀγρίαν
1505 2195 1794 2254 ἐξημερώσας.
1825 2220 1880 2228 -

273 2259 333 2301 De
362 2259 408 2299 fr.
442 2261 476 2302 1
508 2260 532 2299 2
563 2271 682 2311 supra
712 2261 787 2299 iam
821 2260 910 2299 dixi.

386 2309 658 2367 ἀδοιᾶστως.]
691 2311 789 2372 δοιή
819 2316 893 2368 (=
914 2315 1096 2366 dubium)
1121 2315 1312 2355 Homerus
1341 2314 1459 2355 habet
1489 2315 1529 2361 (Ι
1547 2314 1656 2362 230)
1687 2316 1725 2353 et
1745 2309 1881 2353 δοάσ-

276 2385 387 2414 σατο
416 2374 490 2421 (=
511 2369 691 2425 ἔδοξεν),
721 2374 823 2426 quod
855 2385 877 2413 a
908 2368 1030 2422 δοιός
1050 2373 1303 2413 derivandum
1335 2383 1421 2411 esse
1443 2371 1653 2411 Buttmann
1684 2383 1757 2410 non
1779 2373 1885 2411 recte

275 2434 393 2482 negat
432 2431 678 2498 (10111112
708 2431 818 2498 101).
878 2433 1016 2472 Anacr.
1055 2430 1098 2470 ir.
1131 2430 1183 2469 95
1229 2422 1331 2470 ουδέ
1370 2424 1414 2468 τί
1453 2442 1517 2468 τοι
1569 2441 1682 2481 προς
1726 2422 1883 2480 θυμόν,

276 2484 411 2556 ὅμως
425 2501 471 2540 γε
500 2485 581 2541 μὲν
618 2483 679 2537 ὡς
716 2482 976 2537 ἀδοιάστως,
1018 2488 1120 2538 apud
1170 2498 1282 2538 quem
1325 2488 1490 2526 activam
1534 2486 1650 2526 habet
1678 2488 1885 2532 notionem,

279 2546 314 2586 h
349 2557 380 2585 e.
402 2539 548 2598 ‘neque
578 2546 789 2598 quidquam
829 2546 901 2585 tibi
934 2557 979 2585 ex
1019 2544 1215 2584 voluntate
1254 2548 1322 2590 est,
1360 2546 1491 2583 tamen
1532 2554 1646 2595 quam
1688 2534 1886 2583 libenter’.

279 2601 470 2643 Similiter
500 2598 762 2652 ἐνδοιαστῶς
791 2603 916 2643 active
958 2603 1154 2642 invenitur
1187 2601 1289 2652 apud
1322 2600 1412 2641 Her.
1442 2600 1517 2640 Vll
1553 2600 1631 2640 174
1667 2595 1885 2640 Θεσσαλοὶ

278 2656 326 2700 δὲ
358 2655 656 2714 ἐρημωθέντες
686 2655 924 2713 συμμάχων
955 2653 1065 2700 οὕτω
1096 2656 1148 2707 δὴ
1178 2653 1389 2725 ἒμιδισαν
1420 2652 1666 2723 προθύμως
1696 2649 1787 2696 οἰ·’δ
1821 2651 1886 2697 ἔτι

280 2713 555 2766 ἐνδοιαστως,
577 2719 733 2769 passiva
752 2720 883 2757 autem
905 2729 993 2757 cum
1023 2717 1058 2756 vi
1082 2716 1289 2756 adhibetur
1309 2709 1560 2763 ἐνδοιαστός
1580 2714 1681 2765 apud
1707 2714 1886 2784 Hippocr.

282 2774 592 2823 Prorrh.11(1x
614 2773 668 2815 40
690 2774 774 2826 L):
805 2769 843 2815 εἰ
875 2771 922 2815 δὲ
945 2770 1198 2813 ἐιδοιαστὸν
1227 2766 1293 2839 ειή
1322 2765 1438 2840 ἀμφὶ
1470 2769 1555 2811 τῶν
1586 2767 1743 2839 νεύρων
1762 2784 1887 2819 οπως

282 2826 387 2882 ἔχοι,
419 2836 455 2871 ct
485 2827 747 2880 ἐνδοιαστως
776 2833 878 2884 apud
899 2831 1017 2871 Thuc.
1042 2831 1136 2871 VIII
1161 2830 1213 2869 87
1246 2825 1279 2869 3
1269 2842 1355 2878 ιει,
1386 2823 1432 2869 εί
1455 2841 1500 2883 γε
1532 2823 1758 2883 &offlam
1790 2825 1887 2868 δια-

284 2886 525 2942 πολεμῆσαι
570 2882 653 2942 (ἀν)
693 2884 925 2943 ἐπιφανεὶς
965 2887 1275 2940 (Tissaphernes)
1320 2882 1462 2942 δήποι
1505 2882 1582 2927 οὐκ.
1613 2860 1889 2934 ἐνδοιάστῶς,

282 2947 383 2998 apud
415 2957 529 2999 quem
562 2947 728 2986 ionicum
760 2950 827 2986 est.
