2144 3412
960 244 1243 288 -74-

300 368 524 409 Athenaeus
555 370 596 421 (l.
625 369 679 438 c.)
709 371 767 411 sic
796 372 947 438 pergit:
986 367 1057 412 διὸ
1096 368 1169 412 καὶ
1207 368 1287 421 τὰς
1315 369 1475 423 Λυδὰς
1514 370 1736 445 ψαλτρίας
1775 370 1906 442 φησὶν

300 419 406 466 εἶναι
443 420 466 464 ὁ
486 422 585 466 ’[ων
616 422 660 466 ἐν
690 428 742 484 τῇ
766 420 968 496 Ὀμφάλῃ
998 425 1071 470 διὰ
1100 424 1264 470 τούτων
1294 429 1355 482 (fr.
1378 430 1470 481 22)·
1499 424 1604 472 ἀλλ’
1637 424 1719 482 εἶα,
1749 427 1904 474 Λυδαὶ

310 479 522 535 ιῖάλιριαι
566 469 855 526 παλαιθέτων
873 480 1040 554 ῧμνων
1084 479 1240 538 ἀοιδοί,
1283 483 1358 527 τὸν
1402 484 1524 539 ξένον
1563 485 1811 557 κοιμήσατε.
1851 512 1907 518 -

301 537 492 608 μάγαδις
521 544 651 582 autem
680 545 718 583 et
747 538 904 611 πηκτίς
933 543 1038 584 idem
1069 546 1138 584 est.
1181 544 1238 586 Gf.
1268 544 1410 587 Athen.
1439 558 1476 597 p.
1506 545 1640 588 6350:
1671 543 1830 616 πηκτὶς
1859 542 1908 587 δὲ

300 595 372 637 καὶ
400 593 590 665 μάγαδις
630 593 797 650 ταύτόν,
838 595 962 641 καθά
1001 613 1147 665 φησιν
1161 595 1185 641 ὁ
1211 594 1518 655 Ἀριστόξενος
1547 601 1621 645 καὶ
1652 606 1908 672 Μεναιχμος

301 651 323 692 ‹¹›
357 651 592 704 Σικυώνιος
623 652 668 697 ἐν
698 658 794 706 τοῖς
825 654 926 713 περὶ
963 656 1187 709 Τεχνιτῶν.
1238 658 1318 700 Alii
1347 661 1503 712 quidem
1534 661 1635 702 inter
1661 657 1852 715 μάγαδις
1871 663 1910 702 et

299 708 455 766 ι·ἰηκτις
499 714 797 755 discernendum
842 727 926 756 esse
965 727 1195 767 persuasum
1237 716 1383 758 habent
1426 716 1492 768 (cf.
1521 730 1558 770 p.
1589 718 1909 771 636ab)‚sed

300 774 430 809 contra
474 771 693 812 Aristoxeni
735 774 1003 814 auctoritatem
1048 773 1123 814 hoc
1169 773 1269 814 nihil
1320 774 1436 815 valet.
1506 773 1639 816 Prima
1681 776 1909 829 magadidos

300 829 444 867 mentio
475 828 574 868 sacta
614 841 700 869 esse
737 831 891 870 videtur
928 831 977 871 ab
1018 830 1216 879 Alomane,
1258 832 1321 871 cui
1359 834 1403 872 ut
1431 831 1555 884 Lydio
1584 835 1788 875 notissima
1814 834 1909 874 fuit:

301 885 344 924 fr.
377 885 428 924 91
460 881 650 939 μάγαδιν
681 880 724 927 δ’
757 880 1038 929 ἀποθέσθαι.
1100 888 1157 929 Cf.
1198 900 1352 941 quoque
1397 901 1455 937 ea,
1484 901 1583 942 quae
1613 890 1831 932 Herodotus
1861 891 1910 931 de

299 941 454 993 Alyatte
476 943 671 995 Lydorum
702 957 795 997 rege
824 945 991 986 Milesiis
1021 945 1170 986 bellum
1200 945 1381 987 inferenti
1411 949 1543 987 narrat
1572 946 1609 1000 (Ι
1632 947 1724 1001 17):
1754 943 1909 1016 ἐστρα-

299 994 444 1040 τεύετο
474 998 523 1041 δὲ
552 996 640 1043 ὑπὸ
673 998 883 1056 συρίγγων
921 1015 968 1043 τε
1008 999 1081 1044 καὶ
1123 998 1347 1058 πηκτίδων
1386 1000 1460 1044 καὶ
1501 997 1631 1045 αὐλοῑ
1667 1000 1911 1061 γυναικηίου

301 1070 348 1097 τε
378 1054 452 1098 καὶ
482 1050 699 1113 άνδρηιόι.
741 1061 775 1100 Α
797 1060 917 1111 Lydis
937 1061 1059 1112 igitur
1080 1060 1345 1102 Graecorum
1335 1073 1376 1101 ιιι
1397 1073 1511 1102 usum
1532 1065 1570 1102 et
1590 1063 1909 1104 consuetudinem

298 1115 407 1155 venit
450 1117 650 1182 magadis,
693 1118 887 1169 imprimis
930 1120 1060 1158 autem
1102 1117 1424 1170 Mytilenaeorum
1470 1118 1626 1171 (Athen.
1670 1132 1706 1171 p
1731 1118 1908 1187 635a):

299 1165 526 1242 Εὗφορίων
557 1170 605 1213 δὲ
636 1170 682 1214 ἐν
708 1174 771 1229 τιζ
802 1170 906 1228 περὶ
934 1168 1143 1242 ''Ioamwv
1185 1172 1377 1215 παλαιον
1407 1173 1488 1229 μέν
1517 1189 1621 1247 φησι
1654 1191 1705 1217 το
1730 1170 1912 1232 όργανον

300 1222 410 1270 εἶναι
443 1227 518 1298 τὴν
546 1214 756 1300 μάγαδιν
779 1230 1056 1273 ..πλεῖστον
1087 1225 1130 1272 δ’
1156 1224 1267 1273 εἶναι
1289 1233 1415 1274 τοῦτο
1443 1230 1494 1273 τὸ
1523 1229 1704 1287 ὄργανον
1733 1230 1778 1275 ἐν
1810 1236 1910 1276 Μυ-

297 1282 462 1353 τιλήνῃ,
489 1282 548 1337 ὡς
567 1284 641 1328 καὶ
661 1284 767 1341 μίαν
787 1303 872 1330 ταν
904 1289 1099 1331 Μουσῶν
1119 1284 1300 1341 ε’χουσαν
1321 1283 1426 1331 αὐτὸ
1456 1286 1543 1332 {m}
1564 1288 1913 1345 Λεσβοθέμιδος

300 1343 537 1400 ποιηθῆναι
568 1339 747 1401 ἀρχαίου
776 1340 1147 1416 ἀγαλματοποιοῦ,
1187 1349 1224 1388 et
1252 1347 1397 1388 Lesbia
1406 1351 1582 1416 poetria
1611 1351 1736 1401 prima
1766 1361 1812 1390 ea
1840 1360 1912 1390 usa

299 1405 358 1443 est
388 1404 443 1454 (p.
476 1403 557 1444 635
575 1404 636 1454 e):
721 1400 1020 1471 ,Μέναιχμος
1062 1418 1085 1444 ο
1117 1399 1353 1473 Σικυώνιος
1397 1401 1442 1446 ἐν
1484 1407 1581 1455 τοῖς
1625 1405 1726 1460 περὶ
1763 1409 1910 1457 Ίὲχνι-

298 1460 394 1500 τῶν.
439 1458 514 1501 καὶ
545 1458 620 1517 τὴν
658 1458 832 1526 Σαπφω
877 1459 927 1503 δέ
957 1475 1088 1517 φησιν
1133 1453 1271 1512 οἶτος,
1315 1458 1409 1531 ἥτις
1451 1459 1570 1505 ἐστὶν
1594 1456 1909 1518 Ἀνακρέοντος

303 1515 588 1588 πρεσβυτέρα,
621 1515 795 1586 πρώτην
833 1515 1085 1574 χρήσασθαι
1126 1520 1178 1575 τῇ
1208 1516 1387 1574 πηκτίδι
1418 1521 1552 1589 (quam
1584 1522 1741 1570 ibidem,
1770 1521 1842 1562 litt
1872 1522 1908 1572 b,

302 1576 387 1616 eius
407 1571 699 1617 ‘inventricem'
723 1576 925 1629 nominat).
958 1578 1012 1618 Cf
1032 1577 1077 1618 fr.
1101 1578 1181 1617 122
1204 1540 1318 1618 πολὺ
1338 1573 1554 1627 πακτίδος
1573 1552 1908 1647 ἁδυμελεστέραὲ

301 1635 504 1674 Anacreon
533 1636 708 1686 pectides
749 1636 899 1675 duobus
938 1635 1034 1675 locis
1064 1636 1297 1676 mentionem
1327 1635 1440 1676 facit:
1469 1636 1514 1676 fr.
1548 1636 1640 1676 17.
1672 1666 1682 1676 .
1714 1630 1832 1677 οἷ’νου
1861 1628 1907 1676 δ’

301 1687 480 1741 ἐξέπιον
510 1687 656 1743 κάδον,
698 1691 770 1732 νῖν
800 1685 841 1732 δ’
882 1687 1027 1745 ἁβρῶς
1058 1687 1265 1760 ἐρόεσσαν
1296 1687 1456 1762 ψάλλω
1488 1668 1705 1761 πηκτίδα,
1719 1693 1772 1750 τῇ
1801 1688 1912 1791 <pff

300 1744 516 1815 κωμάζων
536 1747 563 1800 †
584 1746 713 1790 παιδὶ
735 1744 939 1805 ‹icsspq‘s³²),
962 1753 999 1790 et
1019 1750 1064 1791 fr.
1087 1750 1140 1789 22
1164 1746 1359 1803 Σίμαλον
1378 1741 1497 1790 εἶδον
1528 1764 1573 1791 εν
1591 1764 1706 1806 χορῳ
1727 1764 1843 1806 πηκτ

299 1800 454 1855 ἔχοντα
494 1802 638 1862 καλήν.
683 1831 738 1836 -
779 1808 1010 1859 Magadidos
1053 1809 1176 1859 igitur
1214 1819 1354 1848 nomen
1393 1807 1542 1859 Lydiae
1583 1809 1745 1860 originis
1774 1811 1844 1860 est,
1876 1810 1915 1849 et

297 1864 439 1904 barbiti
485 1876 640 1917 quoque
684 1877 826 1905 nomen
869 1866 1003 1905 codem
1046 1866 1174 1905 redire
1216 1877 1292 1905 non
1334 1865 1465 1905 minus
1509 1868 1658 1906 certum
1702 1866 1802 1906 mihi
1844 1868 1912 1914 est,

298 1917 456 1986 πηκτίς
477 1924 603 1962 autem
627 1935 769 1974 graeca
790 1925 849 1962 est
862 1923 1035 1962 eiusdem
1057 1923 1306 1963 instrumenti
1319 1923 1520 1963 denotatio
1544 1923 1599 1964 Gi.
1616 1922 1743 1965 Strab.
1756 1923 1792 1963 X
1807 1922 1913 1964 4¹71:

298 1975 372 2018 καὶ
416 1978 503 2019 τῶν
544 1973 737 2034 ὀργάνων
781 1993 874 2020 ενια
917 1974 1150 2048 βαρβάρως
1192 1972 1444 2047 ὠνόμασται
1488 1975 1652 2032 νάβλας
1695 1975 1912 2047 (νάμβλας

299 2036 418 2077 codd:
451 2049 523 2077 em.
555 2036 739 2090 Gasaub.)
779 2034 854 2078 καὶ
896 2032 1096 2092 σαμβύκη
1134 2034 1208 2078 καὶ
1246 2032 1457 2090 βάρβιτος
1496 2034 1570 2078 καὶ
1609 2033 1799 2091 μαγάδις
1835 2035 1910 2079 καὶ

301 2087 411 2133 ἄλλα
443 2089 597 2135 πλείω.

416 2148 683 2220 Βασσαρίς.]
709 2152 754 2192 fr.
774 2153 826 2193 55
851 2147 1066 2193 Διονύσου
1096 2149 1250 2192 σαυλαι
1274 2146 1562 2205 Βασσαρί.δες
1610 2151 1672 2192 Et.
1694 2151 1746 2191 Μ.
1777 2151 1868 2199 191,
1885 2151 1910 2192 3

300 2204 598 2262 Βασσαρίδες’
639 2224 685 2251 αι
714 2207 1175 2276 βάκχαι.1)οι·ἰνοιιιιιι
1215 2211 1344 2249 autem
1386 2211 1446 2249 est
1474 2220 1497 2248 a
1526 2203 1741 2276 βασσάρα.
1795 2209 1911 2249 ibid:

301 2263 498 2319 λέγονται
528 2262 751 2321 βασσάραι
770 2265 959 2317 χιτῶνες,
991 2280 1065 2315 ους
1086 2261 1271 2332 εφόρουν
1302 2279 1345 2306 αι
1372 2261 1570 2334 Θρᾴκιαι
1581 2261 1753 2318 βάκχαι,
1785 2264 1913 2333 (Ιαᾶᾱίὶ

300 2323 426 2392 Etym.
467 2324 570 2365 Flor.
583 2323 608 2377 :)
653 2320 915 2394 καλούμεναι
946 2318 1083 2372 οὕτως
1112 2317 1207 2364 ἀπὸ
1253 2323 1328 2363 τοῦ
1359 2319 1628 2391 Βασσαρέως
1672 2324 1909 2364 Διονυσου·

299 2373 407 2451 ᾖσαν
447 2378 495 2422 δὲ
536 2378 731 2423 ποικίλοι
771 2379 845 2422 καὶ
888 2377 1107 2437 ποδήρεις.
1136 2375 1362 2431 Αἰσχύλος
1404 2375 1449 2420 ἐν
1477 2377 1688 2430 Ἠδωνοῖς
1717 2379 1780 2434 (fr.
1812 2380 1910 2433 59)-

300 2451 424 2488 οστις
451 2437 638 2490 χιτῶνας
666 2437 895 2493 βασσάρας
925 2453 971 2480 τε
1002 2434 1180 2487 Λυδίας
1210 2433 1295 2489 ε’χει
1326 2433 1626 2493 ποδήρειςῧδ).
1686 2438 1759 2490 (of.
1790 2437 1836 2480 B.

391 2554 448 2595 32)
469 2555 591 2586 Athen.
627 2554 708 2585 XIV
742 2556 836 2586 6210
870 2553 939 2596 (ubi
973 2558 1177 2584 scurrarum'
1195 2552 1328 2591 singula
1362 2560 1484 2590 genera
1518 2554 1785 2592 emmerammo:
1826 2562 1844 2585 ο
1871 2548 1930 2586 δὲ

301 2596 465 2641 μαγῳδὸς
494 2598 698 2642 καλούμενος
722 2596 886 2654 τύμπανα
915 2596 989 2652 ἔχει
1023 2596 1082 2630 καὶ
1114 2594 1275 2641 κυμβαλα
1307 2595 1447 2639 (organa
1470 2597 1570 2635 igitur
1594 2599 1626 2628 in
1652 2598 1794 2637 cybeles
1817 2598 1909 2629 cultu

300 2643 435 2687 usitata)
461 2644 519 2678 καὶ
552 2644 660 2678 πάντα
692 2642 736 2678 τὰ
768 2643 846 2686 περὶ
881 2639 983 2677 αυτὸν
1018 2640 1191 2684 ἐνδύματα
1214 2644 1405 2684 γυναικεῖα·
1444 2641 1627 2697 σχινίζεται
1658 2641 1697 2678 δὲ
1720 2642 1779 2676 καὶ
1802 2639 1911 2677 πάντα

299 2692 389 2722 ποιεῖ
409 2688 451 2723 τὰ
488 2689 553 2729 ἔξω
588 2688 734 2744 κόσμου,
770 2687 1031 2732 υποκρινὸμενος
1059 2685 1140 2722 ποτὲ
1165 2685 1224 2730 μὲν
1249 2690 1411 2741 γυναῖκας
1435 2686 1602 2743 μοιχοὺς
1599 2687 1658 2721 καὶ
1685 2684 1911 2731 μαστροπούς,

299 2732 379 2768 ποτὲ
404 2733 442 2769 δὲ
472 2731 580 2778 ἄνδρα
615 2733 783 2778 μεθύοντα
818 2734 876 2769 καὶ
911 2733 967 2768 ἐπὶ
1001 2735 1116 2777 κῶμον
1148 2730 1411 2776 παραγινόμενον
1446 2744 1530 2775 προς
1563 2732 1625 2777 τήν
1660 2731 1845 2776 ἐρωμένην.
1869 2751 1910 2758 -

303 2777 467 2823 μαγῳδός
502 2787 610 2813 autem
649 2793 719 2825 μαγ
721 2780 859 2826 αδῳδός
894 2787 955 2823 est,
991 2781 1186 2821 hyphaeresi
1221 2779 1385 2819 syllabica
1420 2783 1608 2820 correptum
1634 2778 1689 2823 (cf.
1715 2780 1853 2813 Granius
1875 2780 1909 2810 in

302 2827 421 2858 Philol
449 2829 503 2865 53,
529 2826 621 2871 543).
671 2830 754 2859 Item
790 2823 959 2870 μαγῳδή·
996 2822 1139 2870 ὄρχησις
1162 2822 1278 2868 ἅπαλη
1304 2823 1422 2868 (Hes.)
1472 2826 1631 2857 Athenaei
1656 2825 1909 2866 descriptionem

302 2882 375 2903 cum
400 2874 615 2905 Anacreontis
634 2874 747 2905 verbis
763 2875 886 2913 optime
903 2883 1082 2913 congruere
1106 2872 1218 2903 vides:
1243 2872 1436 2911 psalterium
1452 2872 1552 2911 igitur
1575 2873 1609 2903 in
1624 2871 1910 2904 comissationibus

302 2919 389 2958 apud
414 2919 512 2950 Iones
536 2920 690 2951 asiaticos
714 2924 786 2952 erat.
809 2920 958 2958 vulgare.

396 2963 452 3005 33)
489 2966 559 2996 Huc
593 2966 689 3005 redit,
725 2965 812 3005 quod
847 2965 967 2997 Pollux
1001 2965 1080 2996 dicit
1113 2963 1175 2993 Vll
1201 2964 1262 2994 59:
1303 2959 1426 2994 Λυδῶν
1460 2957 1499 2993 δὲ
1533 2959 1636 3006 χιτών
1667 2973 1719 3000 τις
1742 2957 1912 3006 βασσάρα,
