2144 3412
276 372 481 426 Georgiae
503 371 721 423 Augustae
740 369 1027 411 universitatis
1048 369 1254 410 desiderio
1277 369 1423 422 pulsus
1442 368 1578 410 hieme
1605 367 1703 409 anni
1718 358 1777 408 92'

166 441 410 495 Gottingam
437 439 580 494 petivi,
609 444 658 480 ut
685 439 748 480 ibi
777 438 918 480 studia
954 437 1190 480 academica
1223 437 1476 491 perficerem.
1533 437 1775 478 Docuerunt

164 516 236 552 aut
275 511 426 552 docent
462 522 528 551 me
566 508 646 550 viri
687 507 918 549 doctissimi
955 507 1274 560 Gottingenses:
1314 507 1551 560 Bamann,
1589 505 1775 559 Dilthey,

165 579 340 632 Gercke,
378 579 538 631 Heyne,
567 577 793 629 Lehmann,
833 576 932 629 Leo,
969 575 1132 628 Miiller,
1173 576 1346 629 Roethe,
1376 576 1552 630 Sauppe,
1593 574 1775 616 omnium

163 648 313 690 aetatis
352 660 452 688 suae
480 646 783 699 philologorum
828 645 923 697 dux,
965 644 1038 696 qui
1078 644 1204 685 viridi
1246 649 1460 686 senectute
1497 644 1650 686 florens
1687 644 1776 686 vita

163 716 364 768 decessit3
404 714 613 766 Weiland,
654 728 774 766 quem
815 718 1078 767 praematura
1118 717 1250 754 morte
1280 713 1399 754 nobis
1436 720 1623 767 ereptum
1651 712 1775 755 valde

160 785 370 838 lugemus3
414 784 466 826 de
496 785 785 827 Wilamowitz.
852 783 977 837 Regii
1015 783 1318 837 philologorum
1357 783 1567 824 seminarii
1596 796 1672 837 per
1699 796 1774 824 sex

161 867 324 895 menses
364 853 519 894 sodalis
558 853 619 893 fui
661 853 904 905 ordinarius,
943 851 1167 905 germanici
1206 851 1341 892 adhuc
1380 865 1494 903 sum;
1540 852 1774 896 exercitati-

163 922 312 963 onibus
342 923 664 975 archaeologicis
703 927 746 963 et
783 921 1001 963 seminario
1042 919 1188 961 carolo
1218 920 1392 973 Dilthey
1431 925 1598 962 auctore
1639 922 1775 963 denuo

163 991 388 1032 constituto
418 1005 494 1045 per
522 992 627 1032 duos
668 1004 798 1032 annos
835 989 1017 1042 interfui,
1056 989 1110 1029 ad
1150 988 1468 1030 exercitationes
1501 990 1775 1043 philologicos

164 1059 344 1112 benigne
384 1060 542 1101 aditum
584 1060 686 1101 mihi
728 1059 934 1100 concessit
982 1058 1034 1099 de
1072 1058 1374 1108 Wilamowitz„
1434 1059 1616 1107 Quorum
1656 1073 1775 1112 prae-

164 1133 388 1182 ceptorum,
418 1130 489 1182 qui
518 1129 659 1170 studia
686 1141 778 1169 mea
806 1128 1017 1180 regebant,
1048 1127 1228 1167 omnium
1256 1127 1570 1169 benevolentiae
1599 1131 1776 1170 montem

164 1210 328 1251 semper
346 1212 565 1239 memorem
585 1197 675 1239 fore
703 1197 801 1247 scio,
830 1199 1049 1237 maximam
1070 1202 1208 1237 autem
1228 1197 1404 1250 gratiam
1424 1197 1558 1238 habeo
1578 1197 1775 1238 Udalrico

165 1266 218 1308 de
243 1267 531 1319 Wflamowitz,
560 1265 820 1320 praeceptori
840 1265 1080 1319 venerabili,
1111 1268 1229 1307 cuius
1260 1279 1382 1307 curae
1402 1280 1610 1318 nunquam
1631 1267 1775 1308 remis-

163 1349 236 1377 sae
265 1341 307 1377 et
336 1336 572 1378 adiumento
598 1334 805 1377 indefesso
826 1335 902 1376 has
921 1335 1126 1388 primitias
1146 1348 1287 1376 sacras
1317 1348 1410 1376 esse
1430 1335 1611 1377 auctoris
1639 1335 1775 1390 pietas

162 1405 306 1447 voluit.

434 3047 656 3085 hunum&-
672 3053 880 3086 ammte·
898 3045 1086 3092 &ornant
1104 3048 1229 3092 Ponto>
1245 3058 1273 3086 in
1291 3046 1368 3087 jan.
1386 3071 1422 3081 —
1439 3056 1509 3088 uio
