2144 3412
950 226 1235 270 -54-

277 347 379 403 περὶ
410 351 484 391 τοῦ
518 343 626 403 παρ’
655 344 932 404 Ἀνακρέοντι
967 348 1134 405 λυγίνου
1165 348 1394 407 στεφάνου.
1439 355 1627 407 Megistos
1657 358 1778 408 igitur
1806 357 1886 407 ille,

276 420 391 461 quem
414 411 524 459 poeta
545 409 729 455 nominat,
761 408 915 449 Samius
937 409 1010 449 suit
1030 412 1146 462 atque
1168 411 1271 450 idem
1294 413 1362 458 est,
1393 423 1509 463 quem
1530 413 1575 453 fr.
1600 414 1649 454 16
1672 390 1887 468 alloquitur

276 466 431 515 (nomen
460 466 513 504 ibi
537 464 668 516 Bergk
698 466 895 516 restituit)
940 466 987 506 In
1008 467 1135 507 insuia
1165 479 1188 507 a
1209 467 1421 519 Lelegibus
1451 471 1489 509 et
1508 468 1703 523 Nymphis
1724 472 1886 514 Iunonis

275 522 461 573 templum
505 533 591 561 esse
631 522 827 562 conditum
868 522 1008 563 Athen.
1049 535 1083 575 p.
1116 524 1232 564 672a
1274 526 1378 570 dicit.
1418 537 1495 578 qua
1537 539 1626 568 cum
1667 530 1885 571 narratione

277 579 410 630 Bergk
442 579 496 630 (p.
532 578 629 630 169)
662 583 699 619 et
745 579 882 620 Kaibel
925 580 1181 646 glossamw)
1226 581 1411 633 Hesychii
1458 586 1561 624 recte
1605 587 1886 627 coniunxerunt

274 631 383 676 ἄστυ
427 632 663 689 Νυμφέων·
708 633 785 691 τὴν
824 632 995 689 Σάμον,
1038 631 1306 691 Ἀνακρέων,
1351 635 1449 679 ἐπεὶ
1491 635 1667 694 ἴστερον
1707 638 1886 697 εύιδρος

275 689 452 744 ἐγένετο.
513 692 652 732 Errore
699 695 821 745 igitur
862 696 1107 746 grammatici
1155 695 1296 735 Samus
1337 695 1608 749 Nympharum
1655 700 1748 740 urbs
1787 700 1884 741 falso

276 751 472 790 nominata
502 753 568 790 est

386 802 512 861 μείς]
568 808 674 847 Haec
704 809 910 855 distinctio,
949 809 1164 848 secundum
1208 821 1324 861 quam
1366 811 1492 861 prima
1521 812 1708 864 cuiusque
1740 815 1885 855 mensis

275 865 388 903 tertia
429 875 519 915 pars
561 866 782 905 nominatur
824 862 909 918 μὴν
939 860 1180 918 ἱστάμενος,
1223 866 1360 906 ultima
1399 872 1528 907 autem
1559 865 1742 922 φθίνων,
1780 872 1884 939 apud

275 921 487 961 Homerum
528 922 568 961 in
608 923 781 973 Odyssea
822 925 971 963 tantum
1010 924 1224 963 invenitur:
1269 937 1294 963 τ
1325 923 1406 964 306
1450 924 1514 975 (cf.
1546 923 1572 976 ξ
1606 927 1722 978 162):
1762 921 1883 969 τοῦδ’

273 971 403 1018 αιτοῦ
433 973 700 1046 λυκάβαντος
731 974 950 1020 ἐλεύσεται
982 973 1138 1020 ενθοὶδ’
1166 973 1406 1031 Οδυσσεύς,
1437 983 1512 1022 τοῦ
1535 979 1616 1035 μὲν
1645 979 1885 1038 φθίνοντος

273 1031 418 1090 μηνός,
453 1036 527 1076 τοῦ
558 1029 602 1076 ‹5’
636 1031 901 1090 ισταμένοιο.
934 1038 1047 1077 Hunc
1067 1050 1181 1078 usum
1212 1039 1349 1078 abesse
1378 1049 1401 1079 a
1430 1041 1602 1090 genuina
1631 1041 1739 1081 illius
1777 1042 1885 1083 locu·

271 1093 388 1133 tionis
410 1094 445 1132 vi
471 1094 606 1134 docent
638 1094 733 1134 haec
763 1094 958 1146 exempla:
996 1096 1035 1134 Τ
1063 1094 1142 1134 117
1174 1096 1221 1135 de
1243 1095 1454 1147 Eurysthei
1486 1100 1607 1137 matre
1638 1112 1661 1154 η
1691 1091 1737 1138 δ’
1769 1094 1882 1140 ἐκύει

274 1145 404 1204 φίλον
448 1145 550 1199 υιόν,
591 1165 615 1191 ο
644 1144 687 1191 δ’
723 1147 914 1205 ἕβδομος
953 1146 1119 1207 ἑστήκει
1163 1148 1282 1219 μείς·
1330 1154 1365 1194 h.
1397 1165 1427 1193 e.
1471 1155 1556 1194 eius
1596 1157 1885 1223 praegnationis

271 1208 461 1274 septimus
483 1209 628 1248 mensis
648 1210 726 1248 iam
747 1210 889 1256 aderat,
918 1222 945 1248 κ
965 1208 1046 1249 469
1080 1202 1181 1249 ἀλλ’
1215 1203 1286 1249 ότε
1307 1207 1372 1277 δή
1380 1204 1422 1263 ρ’
1446 1206 1643 1261 ἐνιαυτος
1651 1207 1752 1279 «ξ’,ην
1771 1210 1882 1282 περὶ.

274 1258 319 1304 δ’
354 1259 546 1331 ἔτραπον
567 1255 675 1317 ὧραι
698 1266 841 1319 μηνῶν
863 1262 1126 1320 φθινόντων,
1157 1264 1257 1321 περὶ
1279 1261 1322 1306 δ’
1347 1262 1489 1320 ἤματα
1516 1266 1664 1323 μακρὰ
1682 1267 1883 1325 τελέσθη.

273 1321 319 1363 V.
335 1322 416 1362 470
435 1325 591 1373 spurius
612 1335 687 1362 non
706 1326 774 1370 est,
791 1325 891 1375 quod
909 1323 1112 1363 Nauckius
1134 1324 1226 1371 vult,
1238 1336 1327 1364 nam
1350 1326 1391 1364 hi
1409 1326 1483 1365 duo
1504 1338 1638 1367 versus
1659 1330 1887 1379 repetuntur

275 1379 365 1419 Hes
402 1379 469 1418 Th.
502 1379 567 1426 58,
613 1381 681 1420 ubi
713 1394 856 1435 νματα
898 1374 1033 1420 πόλλ’
1081 1377 1292 1436 ετελέσθη
1334 1384 1485 1422 tantum
1528 1385 1773 1425 immutatum
1806 1389 1885 1434 eat3

271 1436 415 1491 μηνῶν
457 1432 710 1490 φθινόντων
749 1442 879 1477 autem
922 1441 999 1478 est.
1058 1439 1151 1477 dum
1197 1438 1378 1490 (singuli)
1419 1452 1573 1481 menses
1612 1443 1884 1493 praeteribant.

270 1495 483 1541 Anacreon,
515 1506 602 1533 cum
625 1495 718 1534 dicit
738 1495 783 1536 fr.
806 1495 829 1535 6
861 1491 958 1547 μεὶς
987 1491 1068 1548 μὲν
1099 1492 1150 1549 δὴ
1181 1492 1469 1562 Homdtyiuiv‘
1453 1492 1640 1552 ἕστηκεν,
1671 1501 1883 1551 genuinam

270 1552 464 1591 notionem
496 1552 666 1598 retinuit,
698 1564 787 1591 uam
820 1547 996 1606 ἕστηκεν
1026 1553 1080 1592 ibi
1112 1554 1267 1592 denotat
1315 1547 1456 1593 adest’.

385 1606 563 1661 μελετῶ,
597 1609 632 1648 h.
666 1621 697 1650 e.
728 1609 819 1649 alcs.
859 1611 916 1649 rei
948 1622 1080 1649 curam
1121 1610 1277 1657 habere,
1322 1612 1424 1662 apud
1458 1611 1671 1652 Homerum
1711 1625 1786 1653 ιιοιι
1822 1614 1882 1654 in-

267 1666 429 1715 venitur,
474 1667 541 1706 sed
574 1667 677 1718 apud
708 1666 945 1707 Hesiodum:
991 1667 1086 1718 Opp.
1117 1666 1199 1707 316
1243 1665 1403 1724 μελετᾷ
1409 1681 1430 1716 ς
1472 1663 1583 1720 βίου,
1631 1668 1713 1710 443
1755 1665 1881 1724 ἔργου

268 1720 471 1790 μελετῶν.
534 1724 630 1764 Οιιιιι
662 1725 884 1764 accusativo
915 1725 1163 1764 coniunctum
1193 1726 1362 1776 primum
1375 1683 1546 1776 qlegitur
1577 1726 1616 1767 h.
1646 1727 1766 1769 Merc.
1797 1727 1881 1768 557

266 1775 471 1834 μαντείης
501 1773 724 1821 ἀπάνευθε
753 1776 1027 1832 διδάσκαλοι,
1070 1774 1119 1837 ἢν
1149 1778 1226 1821 επὶ
1256 1778 1408 1834 βουσὶν
1452 1782 1562 1831 παῖς
1591 1776 1658 1823 ἔτ’
1690 1780 1772 1824 ἑων
1799 1797 1879 1837 με-

268 1834 439 1891 λέτνσα.
502 1838 606 1878 Haec
637 1841 843 1883 structura.
874 1851 973 1891 quae
1003 1851 1026 1878 a
1056 1840 1227 1890 genuina
1258 1841 1366 1879 verbi
1396 1841 1550 1880 notione
1572 1841 1736 1882 discedit
1757 1840 1882 1895 (idem

271 1896 374 1935 enim
407 1898 465 1935 est
503 1901 623 1962 atque
658 1891 1004 1962 ἐπιμελεῖσθαι),
1046 1897 1147 1936 redit
1176 1908 1330 1948 quoque
1373 1898 1476 1964 apud
1507 1899 1787 1939 Anacreontem
1816 1899 1880 1951 (fr.

272 1952 336 1999 63,
369 1952 430 2003 9)
463 1945 623 2006 μηκέθ’
667 1947 811 1993 οὕτω.
867 1985 876 1993 .
910 1951 1128 2008 Σκυθικὴν
1172 1949 1306 1993 πόσιν
1346 1947 1457 2006 παρ’
1490 1949 1595 2008 οίίνω
1635 1953 1882 2010 μελετῶμεν

268 2009 342 2059 (=
372 2013 581 2060 exercere),
613 2013 649 2049 et
678 2011 782 2061 apud
813 1985 1052 2051 Herodotum
1083 2010 1163 2063 (III
1188 2012 1249 2061 11,
1281 2011 1338 2051 VI
1362 2012 1471 2062 105).

383 2062 575 2133 ξανθός.)
636 2067 764 2107 Diana
806 2072 849 2108 ut
886 2068 931 2107 fr.
965 2069 998 2116 1,
1031 2068 1055 2107 2
1089 2065 1231 2136 ξανθὴ
1271 2068 1358 2108 παῖ
1387 2063 1511 2119 Διός
1542 2069 1587 2110 fr.
1619 2069 1707 2108 21⁸.
1728 2067 1881 2137 ξανθῇ

267 2116 312 2162 δ’
358 2068 600 2178 Εὐρυπύλῃ.
664 2124 720 2165 Of.
763 2124 870 2165 Eust
901 2124 996 2172 432,
1029 2125 1082 2165 27
1128 2120 1309 2173 ἔπαινος
1352 2122 1401 2166 δὲ
1438 2120 1573 2180 κόμης
1617 2123 1741 2179 παρὰ
1784 2127 1881 2176 τοῖς

268 2179 480 2229 παλαιοῖς
509 2195 559 2221 το
591 2177 769 2232 ξανθόι.
799 2206 857 2210 -
888 2182 1068 2223 Ceterum
1099 2183 1145 2222 cf.
1171 2182 1438 2224 Wilamowitz.
1471 2184 1519 2222 ad
1551 2183 1640 2223 Eur
1655 2184 1762 2224 Her.
1784 2183 1880 2225 362.

383 2234 542 2289 παίζω,
573 2235 836 2291 συιιπαίζω.]
869 2235 1016 2289 παίζω
1039 2240 1255 2279 derivatum
1286 2252 1308 2279 a
1337 2242 1460 2306 stirpe
1481 2238 1615 2280 παιδ-
1637 2242 1787 2292 origine
1808 2253 1880 2281 sua

269 2299 345 2336 est:
379 2308 586 2362 puerorum
619 2297 731 2336 modo
752 2309 880 2348 agere,
911 2309 953 2337 se
974 2309 1129 2348 gerere
1161 2299 1215 2336 ila
1243 2297 1403 2336 ludendi
1426 2298 1504 2337 vim
1526 2299 1666 2349 accipit
1697 2299 1880 2350 variaque

267 2353 352 2394 ludi
383 2354 444 2393 vel
475 2355 550 2393 ioci
581 2366 725 2405 genera
755 2354 961 2405 significat.
1018 2355 1210 2421 Ludendi,
1242 2355 1392 2394 iocandi
1426 2356 1504 2394 vim
1537 2355 1655 2394 habet
1683 2355 1790 2395 velut
1817 2355 1881 2395 his

269 2411 384 2450 locis:
418 2407 442 2461 ζ
467 2411 545 2451 106
578 2411 631 2479 τῇ
651 2410 838 2463 (Dianae)
862 2408 911 2451 δέ
930 2405 983 2451 θ’
1016 2405 1108 2464 ἅμα
1131 2407 1308 2465 νύμφαι,
1339 2412 1489 2466 κοΐ-ραι
1514 2409 1623 2460 Διὸς
1652 2405 1879 2465 ἀιγιόχοιο,

269 2461 503 2521 ἀγρονόμοι
546 2464 756 2518 παίζουσι
797 2467 917 2521 (apud
950 2469 1161 2508 Homerum
1199 2470 1238 2508 in
1270 2468 1443 2536 Odyssea
1473 2473 1622 2509 tantum
1653 2469 1880 2536 invenitur),

269 2525 306 2564 h.
340 2526 424 2566 Cer.
456 2526 478 2565 5
513 2521 747 2569 παίζουσιν
779 2526 1086 2577 (Proserpinam)
1109 2521 1287 2582 κούρῃσι
1319 2538 1394 2566 συν
1420 2520 1623 2566 Ὠκεανοῑ
1654 2522 1878 2579 βαθυκόλ-

269 2595 387 2631 ποις,
421 2582 502 2622 426
534 2577 587 2622 ὃν
619 2596 794 2650 ιμερτον
825 2581 1014 2636 λειμῶνα
1047 2615 1055 2623 .
1088 2615 1096 2622 .
1131 2616 1139 2624 .
1162 2609 1181 2623 «.
1215 2615 1224 2623 .
1253 2579 1474 2652 παίζομεν
1506 2578 1575 2623 r’d
1609 2578 1674 2623 ἄν
1672 2587 1750 2624 ‘lea
1779 2582 1805 2624 ὁ
1807 2581 1878 2638 ρέ-

268 2652 410 2691 ποιιεν
449 2634 635 2691 χείρεσσ)
681 2635 869 2692 ἐρόεντα.
930 2643 1069 2682 Anacr.
1099 2641 1144 2682 fr.
1179 2642 1201 2680 2
1212 2633 1350 2707 Ηῶναξ
1381 2640 1583 2693 (Bacche).
1615 2655 1649 2679 ι)
1680 2598 1880 2710 δαμάλης

267 2677 403 2749 ’Έρως
432 2693 506 2736 καὶ
528 2695 709 2751 Νύμφαι
741 2693 1012 2746 κυανώπιδες
1033 2710 1237 2753 πορφυρη
1255 2712 1281 2738 τ
1328 2693 1603 2753 Ἀφροδίτη“
1617 2699 1657 2749 ³)
1680 2695 1878 2751 συμπαί-

363 2844 418 2883 12)
438 2843 544 2882 Quam
571 2846 679 2884 Bergk
705 2839 770 2875 non
795 2850 882 2876 recte
907 2846 1030 2886 verbis,
1064 2846 1184 2886 quibus
1204 2851 1301 2886 poeta
1333 2847 1493 2885 Megisten
1519 2848 1707 2887 alloquitur,
1743 2847 1883 2879 inseruit

268 2886 326 2932 (cf.
352 2899 481 2928 quoque
506 2890 567 2922 Rb.
593 2892 637 2921 M.
663 2891 779 2922 XXIX
805 2893 896 2928 154).

361 2933 417 2977 13)
440 2936 490 2966 De
515 2936 641 2968 Venere
666 2947 738 2968 cum
763 2938 893 2968 Baccho
918 2938 1092 2968 coniuncta
1114 2937 1155 2968 cf.
1180 2938 1338 2977 Roseher,
1363 2938 1466 2977 myth.
1493 2939 1575 2969 Lex.
1599 2939 1625 2977 1,
1651 2949 1684 2978 p.
1712 2939 1811 2970 1066.
