2144 3412
262 338 474 399 χειμερίης
517 343 564 383 cf.
595 343 709 390 enim,
740 354 839 395 quae
869 354 988 394 supra
1018 344 1066 383 de
1095 343 1336 383 Anacreonte
1365 343 1524 384 Homeri
1558 344 1755 384 imitatore
1785 343 1875 384 dixi.

264 412 551 472 θαρσήσαντα
583 412 793 457 λαίλαπι;
824 417 1017 458 Homerus
1047 420 1116 457 aut
1136 418 1381 458 intransitive
1401 419 1471 458 aut
1489 419 1581 467 (uno
1602 419 1752 458 tantum
1773 416 1874 467 loco)

266 503 354 532 cum
394 492 613 531 accusativo
654 493 901 532 coniunctum
943 492 1106 532 verbum
1147 492 1327 532 adhibet:
1371 492 1405 531 θ
1439 491 1518 533 197
1562 492 1738 533 Minerva
1766 490 1876 533 Ulixi

266 560 426 618 θάρσει
456 559 581 606 τόνδε
610 557 653 618 y'
686 558 861 614 ἄεθλον,
893 565 931 606 h.
957 577 989 608 e.
1018 566 1117 606 bono
1148 567 1203 606 sis
1233 565 1325 606 licet
1345 566 1474 606 animo
1495 565 1570 607 hoc
1590 567 1630 607 in
1652 567 1875 608 certamine.

267 639 322 680 01.
354 639 414 680 So.
445 639 485 680 Ο.
518 639 561 681 G.
593 639 673 680 649
716 638 906 693 (Theseus
946 639 1147 692 Oedipoda
1185 640 1405 693 supplicem
1449 639 1676 693 alloquitur)
1714 637 1877 696 θάρσει

265 710 316 754 τὸ
345 709 472 755 τοῦδέ
501 706 544 767 γ’
585 707 762 769 ἀνδρός·
794 709 842 756 οὔ
882 726 930 755 σε
970 710 1031 770 μὴ
1069 711 1236 770 προδῶ,
1282 716 1329 755 de
1371 727 1434 756 me
1477 727 1640 768 meoque
1682 715 1876 768 praesidio

265 790 365 829 bono
395 789 451 828 sis
496 788 589 829 licet
618 789 757 829 animo.
819 788 909 829 Her.
940 788 1019 829 VII
1050 788 1103 829 50
1133 785 1318 844 κρέσσον
1356 785 1405 830 δέ
1447 784 1592 830 πάντα
1628 785 1877 844 θαρσέοντα

267 858 397 918 ἥμισυ
437 862 524 903 τῶν
554 860 706 903 δεινῶν
735 858 921 914 πάσχειν
950 860 1118 917 μᾶλλον
1147 857 1174 918 ἢ
1203 863 1293 904 πᾶν
1328 863 1470 918 χρῆμα
1513 859 1878 918 προδειμαίνοντα

266 933 448 992 μηδαμὰ
476 933 612 992 μηδὲν
641 937 823 978 παθεῖν.
868 937 966 979 Cum
998 938 1127 978 dativo
1158 939 1405 979 coniunctum
1435 938 1580 991 legitur
1609 938 1700 979 Her.
1729 939 1793 979 111
1822 938 1877 980 ’76

269 1011 336 1062 (de
376 1011 509 1052 Persis
538 1011 668 1064 Magis
697 1013 908 1064 imperium
949 1012 1180 1064 erepturis):
1223 1007 1391 1062 ἰδόντες
1429 1009 1478 1053 δὲ
1518 1010 1654 1053 ταῦτα
1690 1007 1732 1054 οὶ
1763 1007 1879 1054 ἑπτὰ

269 1080 347 1142 τήν
388 1099 434 1127 τε
481 1081 671 1140 Δαρείου
712 1080 877 1136 πάντες
918 1080 1063 1126 αἴνεον
1104 1080 1274 1142 γνώμην
1318 1083 1393 1127 καὶ
1433 1082 1589 1128 ἔπειτα
1637 1080 1763 1143 ἤισαν
1802 1082 1881 1128 ἐπὶ

268 1156 324 1201 τὰ
343 1155 551 1216 βασιλήια
580 1155 903 1216 τεθαρσηκότες
931 1160 1076 1202 τοῖσιν
1105 1156 1286 1216 ὄρνισιν,
1319 1162 1356 1202 h.
1380 1174 1412 1203 e.
1434 1162 1507 1202 hoe
1527 1163 1704 1214 prodigio
1734 1162 1880 1203 confisi.

269 1235 388 1276 Thuc.
419 1235 497 1276 VII
527 1235 580 1275 49
613 1237 660 1276 de
690 1234 827 1276 Nicia:
871 1233 949 1277 καὶ
993 1229 1086 1290 ἅμα
1128 1236 1227 1285 ταῖς
1263 1235 1364 1290 γοῦν
1404 1232 1566 1288 ναυσίν,
1597 1227 1623 1291 ᾗ
1654 1231 1879 1293 πρότερον,

270 1304 492 1365 ἐθάρσησε
531 1305 789 1365 κρατηθείς;
831 1311 879 1350 de
916 1309 1070 1351 Pericle
1106 1311 1148 1351 H
1179 1311 1231 1351 65
1270 1306 1408 1352 ὁπότε
1447 1309 1548 1364 γοῦν
1585 1305 1798 1352 αἴσθοιτό
1837 1324 1880 1352 τι

273 1378 428 1434 αὐτοὺς
450 1383 746 1436 (Athenienses)
769 1381 892 1440 παρὰ
921 1381 1073 1440 καιρὸν
1103 1380 1221 1440 ὕβρει
1242 1386 1530 1440 θαρσοῦντας,
1563 1386 1599 1426 h.
1623 1398 1654 1426 e.
1675 1386 1882 1438 superbiae

272 1459 535 1513 indulgentes.
594 1459 679 1500 Hoc
709 1461 840 1500 autem
870 1459 954 1500 loeo
985 1460 1289 1513 intellegendum
1320 1461 1474 1501 videtur
1503 1462 1550 1501 de
1572 1461 1810 1509 Cleonorida,
1839 1462 1884 1501 ut

271 1536 314 1575 in
342 1535 510 1587 patriam
541 1535 668 1575 redire
708 1536 841 1587 possit,
881 1536 1004 1575 austri
1034 1536 1074 1575 vi
1116 1536 1231 1587 atque
1270 1535 1390 1576 furori
1429 1536 1628 1576 audaciter
1666 1536 1880 1576 resistente.

271 1610 407 1662 Pergit
426 1611 538 1662 poeta
567 1602 656 1665 ὥρη
675 1604 755 1662 γάρ
788 1621 837 1650 σε
866 1605 1056 1664 πέδησεν
1085 1602 1300 1663 ἀνέγγυος,
1332 1610 1369 1650 h.
1392 1622 1423 1652 e.
1444 1612 1608 1662 tempus,
1640 1611 1703 1650 cui
1728 1604 1880 1663 ἔγγυοι,

272 1687 391 1726 testes
435 1686 585 1733 desunt,
625 1685 818 1725 incertum
862 1677 1104 1738 (ἆνέγγῑός·
1150 1678 1341 1733 ἄπιστος
1372 1684 1495 1736 Hes),
1541 1696 1589 1725 σε
1632 1679 1882 1740 ὑποχείριον

274 1754 478 1814 ἐποίησεν
507 1759 637 1810 (Hes.:
669 1758 716 1799 cf.
739 1759 782 1800 A
806 1759 888 1799 517
911 1753 1087 1813 Διώρεα
1113 1758 1250 1814 μοῖρα
1280 1755 1482 1814 πέδησεν,
1513 1761 1551 1800 et
1579 1757 1765 1812 saepius),
1794 1770 1884 1799 nam

274 1835 401 1875 medio
431 1835 472 1874 in
514 1835 614 1874 mari
655 1834 905 1885 naufragium
951 1834 1042 1874 fecit
1073 1833 1333 1882 Cleonoridas‚
1374 1846 1500 1886 neque
1541 1845 1615 1886 quo
1645 1833 1729 1874 loco
1759 1845 1885 1886 neque

274 1921 349 1962 quo
379 1910 553 1961 tempore
585 1909 732 1949 factum
762 1909 814 1948 sit
833 1909 965 1948 scitur.
994 1903 1076 1961 γάρ
1105 1901 1372 1960 parenthetice
1395 1909 1565 1961 positum
1586 1910 1653 1949 est.
1675 1908 1886 1960 Eleganter

275 1985 423 2025 dictum
445 1986 502 2024 est
532 1978 639 2039 ὑγρὰ
669 1979 717 2025 δὲ
737 1979 813 2038 τὴν
833 1979 910 2039 σὴν
931 1975 1088 2036 κύματ’
1122 1975 1203 2037 ἀφ’
1237 1977 1417 2039 ἱμερτὴν
1455 1978 1631 2024 ἔκλυσεν
1652 1977 1818 2038 ἡλικίην
1833 1983 1885 2035 ⁶).

275 2054 451 2101 ἔκλυσεν
480 2059 739 2103 retinendum,
767 2057 871 2098 male
902 2052 1083 2099 ἔκλασεν
1113 2057 1245 2110 Bergk
1286 2059 1460 2098 coniecit.
1523 2058 1578 2099 Cf.
1609 2056 1757 2098 Archil.
1789 2057 1827 2106 9,
1858 2056 1883 2098 3

275 2129 419 2183 τοίους
447 2130 528 2187 γὰρ
559 2128 669 2173 κατὰ
699 2132 814 2186 κῦμα
853 2127 1203 2187 πολυφλοίσβοιο
1242 2127 1474 2187 θαλάσσης
1504 2132 1575 2184 (A
1607 2131 1680 2184 34)
1710 2126 1886 2173 ἔκλυσεν

278 2208 352 2263 (sic
382 2209 415 2249 B
445 2208 589 2260 reote);
621 2209 668 2248 de
697 2208 831 2248 fluviis
852 2207 1003 2254 dicitur,
1033 2208 1100 2260 qui
1119 2207 1330 2260 naufragos
1350 2208 1616 2259 submergunt.
1662 2206 1746 2247 Hoc
1764 2207 1887 2258 igitur

277 2286 390 2336 poeta
420 2284 546 2324 dicere
588 2281 691 2323 vult:
740 2282 887 2341 (undae
930 2283 1038 2322 tuam
1078 2293 1238 2322 suavem
1281 2282 1522 2323 iuventutem
1562 2273 1886 2322 submerserunt'.

278 2359 567 2399 Sententiarum
607 2357 846 2397 concinnitas
891 2357 930 2397 et
970 2356 1166 2408 elegantia
1205 2358 1312 2397 tanta
1356 2358 1425 2404 est,
1469 2358 1513 2396 ut
1541 2356 1775 2396 Anacreonti
1818 2367 1888 2396 cur

278 2434 548 2473 abiudicemus
578 2434 616 2473 et
643 2431 820 2472 lemmati
848 2431 965 2472 fidem
995 2432 1234 2484 denegemus
1265 2443 1341 2472 non
1370 2430 1605 2483 intellegam.

391 2506 447 2547 IX
477 2507 572 2548 715.
603 2506 685 2547 ’716
717 2505 792 2557 (=
822 2506 917 2547 115.
950 2505 1029 2546 116
1059 2503 1135 2559 Β.).

393 2582 614 2634 Utrumque
645 2582 886 2633 epigramma
915 2592 1050 2621 omnes
1080 2582 1183 2622 certe
1213 2581 1248 2622 ei
1277 2592 1353 2621 non
1382 2581 1565 2629 tribuent,
1595 2580 1687 2632 quia
1715 2580 1888 2632 Myronis

280 2657 489 2697 artificium
521 2655 716 2697 celebrare
746 2656 900 2696 omnino
931 2667 1008 2696 non
1037 2656 1173 2707 potuit.

374 2845 409 2884 5)
433 2841 574 2886 ἱμερτὴν
597 2841 735 2887 ἡλικίην
759 2854 848 2876 nova
872 2848 923 2876 est
946 2844 1080 2876 locutio.
1128 2844 1235 2876 Semel
1258 2844 1427 2875 invenitur
1450 2844 1538 2883 apud
1556 2844 1747 2883 Homerum,
1772 2841 1888 2874 ubido

282 2901 414 2933 flumine
451 2902 568 2933 dicitur
593 2899 637 2945 (B
662 2900 752 2945 751),
778 2900 910 2944 κίθαριν
934 2899 1076 2944 ἱμερτήν
1101 2902 1133 2934 h.
1157 2901 1258 2935 Mete.
1282 2903 1361 2938 510,
1396 2896 1583 2943 στεφάνους
1618 2897 1776 2942 ἱμερτούς
1806 2899 1887 2930 Hes.

283 2959 341 2991 Th.
370 2960 433 2991 5⁴1⁷
460 2957 505 3002 (v.
531 2957 682 3002 spurius).
731 2959 781 2992 Cf.
807 2960 884 2991 Sim.
912 2962 950 2991 A.
977 2961 1014 2992 Ρ.
1041 2960 1104 2990 vu
1129 2961 1195 2991 513
1228 2953 1318 3000 ἡνίκ’
1343 2953 1404 3000 ἀφ’
1429 2955 1570 3000 ἱμερτὴν
1595 2955 1707 2991 ἔπνεεν
1739 2951 1890 2999 ἡλικίην.
