2144 3412
888 240 1168 283 ,59-

338 361 510 417 δεξιός.]
568 366 682 418 Apud
713 366 924 406 Homerum
965 367 1134 406 nondum
1165 365 1401 406 transfertur.
1462 368 1600 405 Anacr.
1631 364 1676 405 fr.
1707 363 1772 410 75,
1805 363 1828 404 6

223 421 370 475 δεξιὸν
397 418 683 490 ἱπποπείρην,
714 422 825 463 Pind.
854 421 906 465 N.
935 423 997 463 111
1028 421 1054 462 8
1085 416 1239 463 ἀοιδὰν
1269 454 1279 463 .
1309 454 1319 463 .
1351 453 1383 470 .,
1415 418 1642 476 στεφάνων
1673 413 1833 472 ἀρετᾶν

223 493 271 521 τε
300 475 565 532 δεξιωτάταν
599 475 782 530 οπαδόν,
821 479 910 520 Her.
942 480 962 520 Ι
983 480 1036 520 60
1067 474 1199 529 ἔθνος
1241 475 1495 533 δεξιώτερον
1535 483 1574 520 et
1603 478 1832 530 saepissime

223 538 329 590 apud
358 538 528 584 Atticos;
558 540 693 588 poetae
723 540 852 577 autem
882 538 1024 589 tragici
1055 549 1140 577 cum
1174 537 1243 577 tali
1274 539 1425 577 notione
1457 535 1644 576 vocabulo
1674 536 1734 575 usi
1757 546 1832 575 non

224 597 326 635 sunt.

339 657 581 713 δέσποινά]
625 664 667 702 (1)
697 662 779 702 470
811 662 937 702 Diana
966 665 1126 702 vocatur
1155 657 1314 702 πότνια
1343 661 1504 716 θηρῶν,
1536 660 1656 701 schol.
1687 659 1832 700 Townl.

224 714 448 768 δεσπότις.
466 717 724 773 μεταβαλών
739 711 814 759 οὖν
829 731 960 772 φησιν
976 712 1441 772 Ἀναιρέιυν“ὃέσ7τοιν’
1461 714 1648 771 ’Ἀρτεμι
1667 709 1831 771 θηρῶν’

224 775 285 827 (1,
306 775 447 829 3)1⁶).
509 777 565 818 Of.
597 777 706 817 Eust.
741 776 860 823 1247,
891 776 927 816 8.
973 773 1187 817 δέσποινα
1232 778 1333 816 enim
1380 777 1484 827 apud
1526 775 1739 815 Homerum
1779 797 1833 804 —

228 834 269 873 in
300 832 472 885 Odyssea
508 838 658 874 tantum
698 834 907 874 adhibetur
951 856 999 863 -—
1044 834 1190 879 beram.
1231 834 1426 873 dominam
1469 832 1666 884 significat
1708 832 1834 871 servis

225 892 462 942 oppositam:
506 894 706 931 Anacreon
736 892 859 942 igitur
887 903 954 942 pro
981 885 1140 930 πότνια
1170 892 1265 930 dicit
1306 892 1352 930 de
1385 889 1519 935 Diana,
1560 901 1659 941 quae
1689 889 1834 929 bestias

225 947 365 987 domat.
424 948 531 989 Deae
561 960 704 988 numen
744 951 801 988 sic
832 947 1044 988 exercentis
1083 949 1277 995 imagines
1307 948 1402 986 satis
1432 946 1578 986 multae
1609 948 1759 986 exstant
1787 946 1829 985 in

229 1006 494 1045 vetustissima
524 1005 761 1046 Graecorum
791 1010 894 1044 arte:
926 1017 960 1045 v.
990 1004 1236 1051 Studniczka,
1268 1003 1422 1055 Kyrene
1456 1002 1547 1043 153.

343 1067 498 1127 ἑορτή]
560 1074 684 1115 Unius
728 1076 876 1112 tantum
923 1073 999 1112 diei
1044 1072 1131 1112 sesti
1176 1073 1279 1124 apud
1320 1072 1534 1112 Homerum
1579 1072 1730 1111 duobus
1772 1070 1834 1109 his

225 1129 423 1182 Odysseae
452 1131 548 1171 locis
568 1131 712 1170 mentio
742 1130 804 1170 fit:
836 1143 859 1169 v
892 1129 970 1169 156
1002 1135 1040 1169 et
1069 1141 1104 1183 φ
1134 1129 1216 1169 258
1247 1129 1318 1169 νῦν
1346 1125 1427 1181 μὲν
1455 1125 1536 1181 γὰρ
1565 1124 1678 1167 κατὰ
1698 1125 1836 1182 δῆμον

227 1181 350 1241 ἑορτῇ
398 1188 494 1227 τοῖο
536 1188 662 1227 θεοῖο
703 1181 829 1242 ἁγνή,
875 1185 1069 1238 Apollinis
1118 1187 1268 1226 numini
1313 1187 1414 1226 sacri
1458 1191 1510 1232 (v.
1554 1184 1674 1232 267),
1719 1196 1833 1235 quem

226 1246 438 1285 novissima
470 1256 623 1297 quaque
644 1243 737 1284 luna
767 1243 1004 1283 celebratum
1036 1255 1120 1283 esse
1150 1243 1270 1283 schol.
1302 1257 1325 1283 v
1360 1243 1438 1283 156
1471 1243 1575 1288 dicit,
1605 1243 1671 1293 qui
1702 1241 1834 1281 Philo-

226 1302 336 1342 chori
373 1305 600 1342 auctoritate
641 1300 870 1349 nititur¹⁶).
913 1302 1050 1340 Anacr.
1085 1300 1128 1340 fr.
1162 1300 1215 1340 54
1247 1296 1321 1340 ἐπὶ
1363 1293 1406 1340 δ’
1439 1293 1624 1353 ὀφρύσιν
1655 1294 1835 1338 σελίνων

224 1354 544 1413 στεφανίσκους
597 1354 777 1410 θέμενοι
824 1352 1011 1398 θάλειαν
1063 1352 1299 1412 ἑορτὴνῐῖ)
1345 1351 1571 1410 ἀγάγωμεν
1617 1351 1832 1410 Διονύσῳ.

225 1415 334 1466 Quae
379 1417 497 1456 verba
544 1416 695 1456 duabus
731 1416 786 1454 'de
833 1416 960 1454 causis
1000 1414 1269 1455 memorabilia
1308 1418 1408 1456 sunt.
1469 1414 1543 1454 Hic
1582 1414 1685 1454 enim
1729 1414 1834 1453 diem

226 1473 413 1513 fastorum
444 1474 579 1513 ordine
620 1473 870 1512 constitutum
909 1472 1214 1523 intellegendum
1257 1484 1332 1512 non
1363 1484 1449 1512 esse
1481 1470 1741 1511 Wilamowitz
1771 1482 1834 1510 me

227 1534 379 1571 monet:
412 1531 496 1570 dies
525 1530 648 1582 igitur
677 1533 746 1576 est,
776 1531 843 1581 qui
875 1532 1009 1581 poetae
1039 1529 1206 1581 aliisque
1236 1530 1323 1569 ideo
1353 1532 1397 1569 ut
1426 1528 1547 1569 festus
1577 1527 1835 1568 celebrandus

224 1599 312 1627 esse
342 1588 505 1635 videtur,
547 1588 648 1639 quod
690 1586 756 1627 illo
802 1588 971 1627 coronati
1010 1587 1154 1638 potioni
1193 1587 1312 1626 dediti
1342 1589 1442 1626 sunt.
1501 1585 1600 1626 Item
1632 1578 1758 1640 ἑορτή
1787 1585 1835 1624 de

223 1645 288 1684 die
317 1644 414 1685 festo
444 1652 546 1685 certo
590 1645 714 1696 spatio
754 1655 829 1683 non
874 1644 1049 1684 redeunti
1093 1644 1237 1684 dicitur
1279 1644 1319 1683 in
1362 1643 1424 1683 his
1467 1642 1666 1683 Alcmanis
1706 1642 1835 1682 verbis

223 1700 287 1751 (fr.
318 1701 391 1747 34)
422 1697 608 1742 πολλάκι
654 1695 695 1741 δ’
740 1696 785 1740 ἕν
814 1701 1028 1754 κορυφαῖς
1069 1693 1215 1751 ὀρέων,
1256 1696 1337 1740 ὅκα
1376 1700 1551 1741 θεοῖσιν
1581 1693 1665 1755 ἅδῃ
1696 1693 1834 1739 πολύ-

218 1770 361 1813 φανος
400 1753 542 1812 ἑορτά,
582 1753 762 1810 χρύσεον
801 1753 930 1811 ἄγγος
959 1753 1109 1808 ἔχοισα
1137 1754 1273 1811 μέγαν
1313 1753 1493 1812 σκύφον,
1531 1747 1606 1797 οἷά
1636 1769 1683 1796 τε
1726 1769 1830 1796 ποι-

221 1811 348 1868 μένες
388 1810 540 1868 ἅνδρες
578 1812 758 1866 ἔχοι-σιν,
800 1814 922 1868 χερσὶ
971 1810 1184 1855 λεόντειον
1231 1811 1277 1855 ἐν
1314 1811 1426 1867 γάλα
1470 1814 1605 1855 θεῖσα
1645 1808 1833 1864 (ἐπαλα-

223 1875 357 1914 θεισα
387 1875 439 1913 A:
482 1885 554 1915 em.
586 1871 801 1924 Hermann)
842 1869 968 1925 τυρὸν
1008 1868 1216 1926 ἐτύρησας
1254 1868 1389 1926 μέγαν
1427 1865 1620 1926 ἄτρυφον
1662 1864 1832 1923 άργειο-

224 1926 392 1985 φόνιαι.
440 1930 553 1971 Poeta
582 1931 686 1970 enim
707 1930 799 1982 quia
828 1931 921 1970 dicit
939 1924 1307 1982 ‘quotienscumque
1339 1931 1440 1970 divis
1469 1929 1596 1980 placet
1626 1928 1835 1968 multivoca

224 1981 500 2035 sollemnitas'‚
552 2000 626 2028 non
667 1999 807 2039 pompa
851 1999 935 2027 esse
981 1990 1104 2039 potest
1155 1988 1195 2027 in
1239 1991 1408 2027 montem
1452 1988 1648 2032 instituta,
1698 1986 1766 2025 ubi
1812 1997 1836 2025 a

223 2045 376 2096 virgine
417 2045 478 2085 vel
520 2044 683 2085 muliere
723 2056 834 2084 sacra
873 2045 1073 2084 accinente
1117 2044 1232 2084 choro
1275 2056 1410 2084 caseus
1458 2045 1648 2096 premitur
1685 2042 1836 2083 Dianae

224 2105 264 2142 et
298 2100 496 2169 Nymphis
535 2102 821 2142 consecrandus
851 2100 970 2153 (quod
1004 2101 1187 2142 Welcker
1221 2101 1361 2141 voluit:
1393 2101 1439 2141 cf.
1469 2100 1544 2142 Bb.
1568 2100 1619 2140 M.
1650 2099 1683 2139 X
1719 2099 1833 2150 262),

223 2159 292 2199 sed
330 2171 509 2211 χρισεον
547 2151 677 2213 ἄγγος
717 2167 755 2198 et
801 2154 1014 2199 λεόντειον
1050 2154 1182 2211 γάλα,
1233 2170 1332 2211 quae
1372 2158 1436 2198 hic
1477 2161 1835 2204 commemorantur,

225 2217 441 2257 certissime
481 2218 654 2257 indicant
694 2218 845 2268 poetam
889 2217 1108 2256 describere
1149 2217 1369 2256 convivium
1412 2216 1604 2268 quoddam
1648 2214 1836 2254 sollemne

216 2285 249 2313 va
290 2274 372 2314 deis
414 2274 455 2314 in
505 2275 694 2314 montium
743 2274 1013 2313 cacuminibus
1056 2273 1254 2321 habitum,
1303 2275 1343 2313 in
1392 2284 1467 2325 quo
1518 2273 1590 2312 dea
1639 2272 1832 2324 quaedam

321 2441 375 2485 1⁶)
397 2441 557 2476 δέσποινα
574 2443 746 2499 Ιγυναικῶν
769 2444 830 2474 ἀοι
855 2444 1041 2474 nominatur
1067 2446 1106 2474 A.
1133 2443 1166 2473 P.
1195 2443 1239 2473 VI
1265 2444 1328 2474 269
1356 2440 1388 2486 [“
1401 2439 1550 2485 8ορρὴ.].
1577 2441 1627 2472 Cf.
1652 2441 1835 2480 scoLapud

226 2488 348 2520 Athen.
374 2488 436 2519 XV
461 2489 558 2521 89ιά
595 2493 752 2530 Δρτεμιν.
777 2482 799 2522 ἃ
824 2487 991 2531 γυναικῶν
1018 2485 1093 2531 μέγ’
1118 2486 1188 2531 ἔχει
1211 2485 1345 2528 κράτος.
1391 2486 1455 2519 Ov.
1482 2487 1560 2519 Met.
1587 2487 1631 2518 IX
1659 2487 1724 2518 316
1758 2486 1837 2517 diva

231 2539 349 2575 potens
374 2535 468 2566 uteri.
519 2535 568 2567 Cf.
595 2535 715 2573 Mnus,
740 2536 779 2566 de
804 2535 958 2575 Aeschyli
983 2535 1205 2575 Supplicium,
1228 2545 1259 2574 p.
1286 2534 1401 2565 XXIII
1425 2534 1502 2565 adn.
1528 2536 1558 2564 3.

322 2579 453 2621 16)(31.
478 2580 557 2613 110⁸.
581 2580 658 2621 Op..
694 2581 750 2611 ubi
787 2581 925 2620 siugulis
961 2581 1117 2620 cuiusque
1152 2581 1273 2611 mensis
1309 2579 1426 2611 diebus
1461 2579 1538 2618 quid
1576 2578 1759 2609 faciendum
1793 2577 1837 2608 sit

229 2625 462 2665 pne-cribitnr
495 2630 528 2657 et
559 2627 643 2658 sacri
678 2626 748 2657 eius
765 2628 836 2657 dies
872 2633 1113 2660 enumerantur.
1151 2637 1182 2656 v.
1210 2626 1276 2657 770
1298 2625 1428 2666 πρῶτον
1466 2622 1522 2666 ἔνη
1557 2621 1678 2665 τετράς
1710 2632 1746 2655 τε
1771 2620 1836 2655 καὶ

228 2668 362 2715 ἕβδόμῃ
386 2668 476 2711 ἱερὸν
500 2665 608 2714 ἦμαρ,
645 2670 688 2716 τῇ
713 2668 778 2714 γὰρ
803 2667 1002 2705 Ἀπόλλωνα
1025 2669 1198 2715 χρυσάορα
1245 2670 1354 2704 alvaro
1376 2668 1496 2711 Λητώ.
1516 2694 1523 2702 .
1551 2693 1557 2700 .
1586 2694 1594 2702 .
1620 2670 1672 2700 Ad
1697 2669 1835 2700 eundem

228 2717 418 2748 Philet-hori
441 2717 560 2749 librum
585 2717 680 2757 rodit,
703 2718 790 2758 quod
810 2718 944 2749 Proetus
962 2718 1007 2748 'nbi
1031 2718 1184 2748 adnotat:
1249 2714 1400 2760 ιλόχορος
1423 2713 1461 2749 δὲ
1478 2713 1512 2749 ἐν
1528 2714 1577 2758 τῷ
1595 2713 1668 2756 περὶ
1692 2708 1836 2756 ἡμερῶν

227 2758 347 2796 Ἡλίου
372 2760 431 2795 καὶ
454 2758 665 2802 ’Λπόλλωνος
700 2761 791 2806 λέγει
821 2758 946 2804 αὑτήν·
983 2759 1006 2804 ἠ
1033 2758 1063 2797 δ’
1087 2759 1301 2803 Ἡρακλέους
1336 2760 1395 2794 καὶ
1430 2757 1562 2803 Ἑρμοῦ
1593 2757 1700 2794 ἐστιν·
1737 2756 1761 2801 ἐἰ
1797 2755 1837 2793 δὲ

229 2804 363 2852 ἑβδόμη
388 2806 463 2850 'upa'
486 2804 709 2847 Ἀπόλλωνος.
737 2832 746 2843 .
772 2833 779 2841 .
807 2835 812 2840 .
863 2810 911 2839 Ex
936 2810 1050 2841 eodeni
1077 2810 1165 2840 fonte
1190 2809 1373 2840 derivatum
1406 2817 1479 2839 osse
1512 2813 1636 2838 certum
1660 2811 1721 2844 est,
1746 2806 1835 2845 quod

228 2855 378 2886 servavit
400 2855 501 2886 schol.
525 2856 583 2887 Ar.
611 2855 697 2887 Piut.
724 2856 811 2887 1126
834 2856 935 2895 (quod
962 2865 994 2887 v.
1020 2855 1130 2891 iufra).

325 2901 378 2938 1‘1)
403 2898 519 2934 ῧάλεια
543 2911 563 2931 a
586 2899 676 2942 δαίς,
699 2910 839 2940 quocum
863 2901 952 2941 apud
971 2901 1149 2932 Homerum
1173 2899 1394 2938 coniungitur,
1426 2899 1467 2929 ad
1493 2893 1593 2939 ἐορτή
1618 2898 1836 2930 translatum:

219 2946 270 2978 er.
296 2946 390 2978 sust.
417 2948 516 2985 isos.
540 2947 595 2979 σε.
