2144 3412
958 254 1242 297 -72-

302 373 507 434 (ἀργιρᾶς
549 392 623 433 τνς
664 374 712 431 ἐξ
743 372 930 432 Εὐβοίας
961 379 1027 433 Σ).
1086 381 1140 422 ct.
1171 381 1355 434 Harpoer.
1385 394 1414 421 s.
1446 374 1653 450 ἀστράβη.
1713 382 1773 423 De
1805 380 1910 423 mulo

302 437 507 478 clitellario
538 438 690 503 praeter
719 435 1019 478 Demosthenem
1052 438 1197 505 legitur
1227 438 1315 505 Lys3
1347 438 1508 487 24,11:
1549 434 1589 481 εἰ
1615 436 1728 507 γὰρ
1745 434 1912 506 ἐκεκτή-

300 508 383 562 μην
413 487 576 544 οἰσιάν,
607 486 684 534 ἐπ’
711 486 938 562 ἀστράβης
969 488 1021 535 ἀν
1051 488 1260 550 ὠχούμην,
1291 488 1391 536 ἀλλ’
1433 489 1507 537 οὐκ
1548 493 1626 538 ἐπὶ
1655 510 1756 545 τους
1786 489 1912 538 ἄλλο·

300 547 447 618 τρίους
486 549 657 600 ἵππους
698 543 935 603 ἀνέβαινον,
975 554 1013 592 et
1053 553 1147 593 ibid.
1181 553 1255 601 12;
1297 552 1470 605 Aloiphr.
1499 553 1542 594 II
1571 553 1693 600 3.17
1725 550 1803 594 ἐπὶ
1821 552 1910 621 τῆς

300 602 522 704 ἀστράβης
563 604 717 676 φέρου,
752 609 914 650 Lucian.
948 609 1162 676 Lexiphan.
1194 610 1237 650 2:
1277 607 1355 651 καὶ
1394 607 1449 650 τὰ
1479 603 1609 677 ἀμφὶ
1648 609 1721 666 τὴν
1750 605 1910 664 τράμιν

302 661 600 734 μαλακίζομαι
640 659 717 705 ἐπ’
759 659 980 733 ἀστράβης
1022 660 1217 735 ὀχηθείς
1271 662 1295 706 ὁ
1335 663 1417 721 γὰρ
1464 645 1794 724 ἀστραβηλάτης
1834 663 1912 709 ἒπ-

303 719 497 776 έσπερχε,
519 718 661 764 καίτοι
684 690 972 774 ἀσκωλιάζων
990 737 1132 773 αυτος.
1151 748 1207 753 -
1227 724 1289 765 De
1309 724 1428 794 ligno,
1442 726 1543 777 quod
1566 726 1671 766 mulo
1692 726 1913 793 imponitur,

303 782 465 831 usurpat
494 780 684 821 Machaon
725 782 828 832 apud
872 781 1011 822 Athen.
1051 781 1149 822 XIII
1192 781 1330 823 5820:
1372 774 1406 822 ὦ
1450 778 1681 835 τρισάθλιε
1722 775 1910 837 ὀνηλάτ’.

300 832 338 877 εἰ
344 834 430 905 μὴ
446 837 615 878 θᾶττον
636 833 828 905 ἐκστήσῃ
849 835 959 879 ποτὲ
981 835 1029 879 ἐκ
1048 839 1123 893 τῆς
1143 834 1260 890 ὁδοῦ,
1289 835 1343 879 τοὶ
1365 834 1515 892 γύναια
1535 837 1658 881 ταυτὶ
1679 837 1912 892 καταβαλῶ

303 906 381 934 σιν
410 895 505 943 τοῖς
536 890 740 950 ὀναρί,οις
783 891 901 950 φησί,
943 892 1018 937 καὶ
1047 896 1147 945 ταῖς
1176 871 1434 951 ἀστράβαις.
1487 920 1535 926 -
1588 898 1685 938 Muli
1718 897 1912 938 clitellarii

301 952 513 1004 imaginem
554 953 677 993 habes
717 953 824 993 velut
864 955 968 1005 apud
1007 954 1198 1006 Hartwig,
1236 954 1558 995 Meisterschalen
1588 957 1664 996 tab.
1697 955 1837 1003 LXIII,
1870 955 1914 1003 1;

303 1009 350 1050 cf.
382 1021 535 1078 quoque
564 1011 660 1052 ibid.
689 1022 725 1062 Ρ.
757 1010 850 1051 564.

416 1060 680 1135 αυτάγητος.]
730 1068 821 1109 Hes.
852 1060 1104 1135 αυτάγητοι·
1136 1061 1346 1121 ἀγάμεναι
1378 1063 1533 1117 ἑαιτάς
1562 1066 1637 1109 καὶ
1666 1070 1914 1136 θαυμαστι-

302 1123 390 1173 κῶς
419 1119 593 1175 ἔχουσαι
624 1120 799 1167 εαυτιῦν.
815 1119 916 1165 ”Ιων
941 1118 1162 1193 ’Λλκμίνῃ
1190 1125 1253 1177 (fr
1275 1125 1339 1178 8)·
1371 1121 1475 1166 ἔνιοι
1508 1123 1556 1166 δὲ
1586 1140 1638 1166 αι
1644 1123 1809 1176 Ιάδεις.
1840 1122 1916 1167 καὶ

306 1174 564 1235 Ἀνακρέων
591 1182 780 1235 (fr.142)
810 1177 922 1223 ου’τω
951 1179 1165 1238 κέχρηται.
1206 1182 1370 1224 Passiva
1400 1196 1489 1224 cum
1510 1185 1547 1223 vi
1569 1185 1730 1224 verbum
1738 1182 1918 1253 simplex

301 1240 406 1305 apud
436 1240 651 1280 Homerum
690 1241 835 1292 ubique
865 1241 905 1280 in
936 1253 1011 1281 usu
1042 1243 1100 1281 est
1129 1240 1236 1281 velut
1265 1240 1303 1281 E
1319 1241 1414 1281 ’787
1446 1232 1566 1289 εἶδος
1596 1235 1748 1295 ἀγητοί
1778 1242 1825 1281 de
1854 1242 1916 1289 iis,

303 1297 371 1367 (ιύἰ
407 1297 572 1349 propter
601 1298 771 1349 corporis
797 1299 989 1367 speeiem
1014 1299 1232 1338 admirandi
1273 1300 1374 1339 sunt.
1425 1298 1480 1339 Gf.
1512 1298 1640 1340 Solon.
1674 1299 1710 1345 5,
1741 1297 1766 1339 3
1797 1293 1845 1339 οἳ
1871 1291 1916 1339 δ’

301 1366 418 1404 ειχον
438 1351 618 1408 δύναμιν
637 1352 712 1395 καὶ
729 1349 944 1410 χρήμασιν
967 1346 1074 1410 ησαν
1093 1348 1254 1422 ἀγητοί.
1271 1378 1324 1385 —-
1358 1355 1559 1396 Permulta
1579 1359 1728 1397 exstant
1748 1357 1832 1397 eius
1851 1367 1921 1408 per

305 1405 430 1453 αὐτο-
465 1413 752 1479 compositionis
783 1412 970 1464 exempla,
1003 1412 1108 1453 velut
1138 1387 1334 1467 αὐθάδης
1353 1412 1545 1465 (Aesch.),
1568 1415 1671 1481 quod
1691 1412 1919 1454 Aristoteles

302 1475 405 1537 {ecte
435 1471 492 1510 sic
523 1469 690 1537 explicat
718 1462 839 1525 ἢθικ.
868 1467 1016 1523 μεγαλ.
1048 1470 1068 1510 Ι
1100 1470 1166 1521 29,
1197 1483 1233 1522 Ρ.
1267 1470 1412 1511 11921)
1445 1470 1519 1511 32;
1559 1464 1750 1538 τοῦνομα
1779 1466 1918 1511 ἔοικεν

305 1521 397 1568 ἀπὸ
443 1524 518 1568 τοῦ
565 1521 735 1596 τρόπου
771 1527 976 1568 κεῖσθαι·
1022 1521 1045 1565 ὃ
1090 1523 1191 1594 γὰρ
1215 1520 1411 1596 αὐθάδης
1455 1521 1667 1596 αὖτοάδης
1708 1528 1827 1581 (quod
1870 1539 1916 1569 ex

304 1578 444 1628 advos
447 1580 571 1639 άδης)
615 1580 684 1633 τίς
714 1581 844 1635 ἐστιν,
891 1578 982 1626 ἀπὸ
1027 1585 1104 1624 τοῦ
1142 1577 1270 1634 αὐτὸς
1307 1580 1424 1639 αυτῶ
1468 1579 1677 1653 ἀρέσκειν.
1736 1585 1792 1626 Of.
1826 1585 1916 1626 Hes.

303 1635 497 1697 αὐτιόδης
538 1641 795 1694 (contractum
842 1654 888 1683 ex
937 1635 1191 1697 αὖτοάδηςγ
1248 1637 1502 1697 υπέρφρων,
1551 1637 1914 1711 ἷδιογνιόμωνῊ).

305 1701 505 1740 Accedant
534 1699 644 1740 illius
675 1700 964 1767 compositionis
994 1700 1182 1742 nonnulla
1203 1700 1380 1766 exempla
1400 1700 1616 1741 homerica:
1647 1693 1915 1769 αἰτάγρετος,

304 1753 620 1806 αὐτοδίδακτος
650 1758 717 1810 qui
738 1759 822 1809 ipse
844 1769 886 1798 se
909 1759 1038 1799 docuit
1064 1771 1090 1808 χ
1112 1757 1206 1805 347,
1237 1750 1537 1813 αὐτοπρεπήςς
1567 1751 1794 1812 αὖτερέτης
1813 1757 1917 1824 apud

303 1815 570 1867 Thucydidem
612 1815 650 1867 (I
694 1814 776 1866 10).
844 1815 892 1855 Ιιι
936 1815 1000 1855 his
1043 1827 1142 1867 quae
1186 1814 1301 1856 attuli
1345 1816 1477 1856 verbis
1521 1816 1744 1867 compositis
1786 1807 1916 1856 at’rco-

306 1873 469 1913 actionis
514 1873 720 1913 cuiusdam
765 1873 957 1924 originem
1004 1874 1109 1913 exire
1153 1873 1301 1913 indicat
1339 1875 1490 1913 tantum
1520 1873 1569 1913 ab
1615 1885 1670 1919 eo,
1710 1873 1777 1923 qui
1817 1872 1920 1913 hane

305 1930 435 1978 efficit,
465 1942 551 1971 cum
584 1931 821 1982 oppositione
851 1932 956 1971 certa
986 1931 1116 1971 verbis
1146 1942 1221 1970 non
1253 1942 1443 1981 expressa.
1475 1923 1712 1985 αὖτάγητος
1741 1930 1864 1982 igitur
1882 1930 1919 1970 is

307 1990 377 2035 est,
407 1988 478 2055 qui
504 1989 544 2027 in
570 1988 655 2039 ipso
686 1988 911 2036 admiratur,
941 2000 1017 2028 non
1046 1989 1088 2028 in
1117 1987 1219 2029 aliis.

418 2040 641 2112 βάρβιτος,
671 2040 873 2114 μαγάδις,
905 2040 1096 2100 πηκτιᾞς]
1146 2045 1287 2085 Athen,
1316 2044 1409 2084 XIV
1440 2043 1581 2085 6356:
1655 2075 1665 2084 .
1698 2076 1708 2085 .
1740 2037 1921 2111 ἀρχαῖόν

308 2099 427 2143 ἐστιν
456 2096 638 2157 όργανον
653 2117 693 2169 η
723 2097 925 2171 μάγαδις,
958 2104 1109 2172 σαφῶς
1146 2096 1375 2169 Πινδάρου
1396 2101 1460 2154 (fr.
1494 2101 1594 2153 125)
1625 2097 1826 2170 λέγοντος
1846 2097 1921 2142 τὸν

253 2211 255 2214 ¹
313 2156 596 2228 Τέρπανδρον
622 2152 936 2227 ἀντίφθογγον
979 2157 1116 2213 εἱρεῖν
1159 2158 1220 2226 τῇ
1255 2155 1378 2228 παρὰ
1410 2156 1592 2227 Λυδοῖς
1623 2154 1803 2212 πηκτίδι
1843 2155 1921 2200 τδν

305 2212 539 2285 βάρβιτον·
579 2212 656 2257 τόν
686 2219 740 2273 ῥα
776 2214 1059 2285 Τέρπανδρός
1098 2211 1220 2257 ποθ’
1262 2211 1285 2257 ὁ
1317 2212 1520 2283 Λέσβιος
1548 2207 1641 2283 εὗρε
1672 2216 1847 2284 πρῶτος
1875 2210 1923 2257 ἐν

307 2270 527 2316 δείπνοισι
548 2272 715 2316 Λυδῶν
749 2272 929 2328 ψαλμὸν
960 2268 1257 2330 ἀντίφθογγον
1285 2268 1460 2327 ὑψηλᾶς
1489 2267 1658 2314 ἀκούων
1687 2268 1915 2328 πηκτίδος.

307 2332 532 2372 Athenaeus
572 2334 705 2373 autem
749 2331 846 2373 haee
891 2331 1051 2373 Pindari
1095 2332 1215 2372 verba
1256 2331 1353 2372 falso
1397 2332 1452 2371 ita
1496 2332 1788 2383 interpretatur,
1831 2342 1922 2372 eum

306 2389 572 2458 Terpandrum
601 2391 782 2430 barbiton
824 2391 1020 2430 invenisse
1051 2391 1144 2430 dicit
1183 2382 1480 2443 ἀντίφθογγον
1510 2389 1560 2443 τῇ
1592 2385 1713 2442 παρὰ
1746 2385 1922 2437 Λυδοῖς

308 2442 486 2513 πηκτίδι
518 2444 594 2487 τὸν
623 2443 836 2502 βάρβιτον
867 2443 1097 2502 (πηκτίδος
1118 2447 1239 2498 igitur
1269 2447 1309 2486 in
1339 2445 1402 2486 his
1431 2415 1592 2486 Pindalri
1623 2447 1754 2487 verbis
1783 2458 1807 2486 a
1827 2457 1922 2486 voce

311 2497 611 2558 ἀντίφθογγον
640 2506 808 2556 pendere
847 2505 951 2545 vult:
983 2505 1031 2545 cf.
1062 2504 1232 2559 Boeckh
1261 2516 1299 2556 p.
1323 2502 1435 2555 617),
1465 2505 1580 2555 atque
1610 2505 1755 2544 rectius
1779 2504 1923 2544 Aristo-

308 2574 429 2602 xenus
471 2563 745 2602 animadvertit
787 2562 854 2613 (cf.
884 2563 977 2604 ibid.
1007 2562 1080 2604 litt.
1110 2560 1153 2614 b)
1186 2561 1398 2602 Pindarum
1438 2556 1628 2614 μάγαδιν
1666 2560 1787 2613 (quod
1816 2561 1923 2601 idem

310 2621 367 2659 est
397 2621 511 2671 atque
543 2615 721 2674 πηκτίςε
764 2621 811 2660 de
841 2631 918 2671 quo
948 2632 984 2661 v.
1015 2617 1130 2672 infra)
1175 2631 1220 2659 ea
1265 2619 1313 2659 de
1353 2629 1471 2658 causa
1508 2619 1771 2659 nominavisse
1799 2610 1920 2658 ἀντί-

310 2677 518 2730 φθογγον,
559 2679 662 2729 quod
701 2678 812 2717 binas
843 2677 963 2717 simul
993 2678 1158 2718 chordas
1196 2673 1270 2716 διὰ
1302 2676 1459 2716 πασῶν
1478 2673 1547 2727 ⁸⁸)
1591 2677 1780 2716 distantes
1807 2676 1850 2716 in
1878 2685 1922 2715 eo

409 2834 469 2877 27)
493 2836 698 2868 Vocabulum
723 2838 769 2867 ita
803 2846 874 2869 esse
908 2836 1124 2877 compositum
1158 2837 1229 2867 sine
1263 2836 1331 2867 ullo
1363 2836 1433 2867 iure
1458 2835 1594 2876 negavit
1616 2837 1644 2867 1.
1671 2834 1922 2875 Wackernagel,

310 2882 354 2914 K.
380 2882 692 2970 Ζ28ξίἷῗαῐδίέἓιῖ
718 2942 763 2955 =
803 2929 848 2974 ‘in
888 2929 946 2959 der
981 2927 1111 2959 Oktave
1149 2925 1286 2968 spielen'
1326 2927 1410 2958 dixit
1451 2927 1553 2959 Arist.
1596 2926 1705 2967 probl.
1747 2925 1827 2957 X1x
1867 2926 1922 2965 18,

310 2985 343 3014 Ρ.
369 2974 465 3005 918b
492 2975 556 3014 403
580 2974 636 3012 39,
661 2984 693 3014 p.
722 2975 819 3006 921⁸
847 2977 899 3006 13.
