2144 3412
975 205 1230 248 ...g-

301 337 493 388 vituperat
522 335 666 387 Phryn.
699 334 779 376 308
812 335 928 377 Lob.:
969 331 1133 389 μοχλὸν
1171 332 1232 392 μὴ
1265 333 1360 391 λέγε
1400 334 1474 379 διὰ
1503 337 1579 379 τοῦ
1609 341 1653 379 ᾖ·
1695 334 1911 393 ἀδόκιμον

300 405 409 463 γάρ·
439 403 552 450 ἀλλὰ
583 406 657 449 διὰ
687 409 763 450 τοῦ
790 412 816 460 5(
846 409 942 459 (alio
972 410 1056 450 loco
1086 422 1161 451 non
1191 412 1415 462 invenitur).
1473 412 1532 453 Ex
1561 414 1611 454 iis
1640 414 1771 466 igitur,
1810 425 1914 466 quae

304 485 351 525 de
381 484 570 524 Zenodoto
600 484 815 532 traduntur,
846 483 1072 524 concludere
1102 496 1179 525 non
1209 484 1302 525 licet
1332 497 1420 526 eum
1450 487 1703 529 Anacreontis
1734 489 1908 528 carmina

302 559 545 599 recensuisse
575 559 642 597 aut
672 558 991 598 commentarium
1023 559 1064 598 in
1095 570 1140 599 ea
1170 559 1386 610 scripsisse.
1445 561 1572 613 Atque
1602 562 1735 603 eadem
1766 573 1828 602 res
1849 564 1909 602 est

302 633 415 672 etiam
458 633 499 671 in
539 631 798 684 Aristophane
838 631 1034 683 Byzantio.
1093 632 1253 673 Praeter
1291 632 1507 685 Bergkium
1548 635 1706 687 quidem
1745 636 1910 676 Orusius

300 717 451 758 quoque
483 705 524 758 (l.
556 718 586 745 c.
607 718 642 758 p.
666 705 793 755 2035)
823 705 937 746 illum
969 707 1184 747 carminum
1215 708 1479 748 recensionem
1509 707 1649 749 fecisse
1678 721 1908 761 persuasum

300 779 428 829 habet,
471 781 540 820 sed
579 782 683 821 recte
725 781 803 820 iam
843 779 1050 822 Nanckius
1090 782 1412 822 animadvertisse
1452 782 1550 823 mihi
1591 783 1745 824 videtur
1774 783 1909 834 (Arist

299 853 391 905 Byz.
421 866 456 906 p.
491 853 555 894 61.
590 854 689 906 111)
721 865 777 902 ea,
808 866 908 907 quae
939 856 985 895 de
1016 856 1141 896 cervis
1173 867 1316 896 cornua
1345 857 1560 897 secundum
1591 860 1724 909 poetas
1753 858 1910 899 ferenti-
1963 880 1965 882 ·

301 929 375 968 bus
417 928 520 980 apud
561 927 683 969 schol.
723 928 834 968 Pind.
874 932 912 969 et
940 929 1020 969 Ael.
1052 929 1079 971 l.
1111 942 1142 970 c.
1174 930 1367 978 dicuntur,
1411 932 1561 971 interno
1601 932 1770 984 quodam
1810 943 1911 973 nexu

302 1001 507 1043 cohaerere
537 1014 626 1042 cum
656 1003 717 1050 iis,
757 1014 856 1055 quae
897 1015 943 1044 ex
982 1004 1255 1056 Aristophanis
1295 1001 1482 1056 Λέξεων
1523 1006 1652 1046 reddit
1681 1005 1912 1047 Eustathius

303 1075 424 1124 1625,
452 1076 506 1116 44
529 1077 600 1125 (=
620 1077 664 1117 fr.
686 1077 744 1117 lv
762 1077 849 1125 N.):
879 1108 888 1118 .
913 1108 922 1118 .
946 1110 954 1119 .
978 1108 988 1118 .
1020 1075 1130 1131 λέγει
1152 1078 1469 1130 (Aristophanes)
1491 1076 1540 1119 δὲ
1568 1110 1707 1121 .....
1738 1077 1814 1121 καὶ
1842 1074 1912 1122 ὅτι

300 1142 421 1203 αἶγες
450 1146 525 1190 καὶ
553 1143 643 1199 ’όϊες
662 1146 836 1207 θήλειαι
860 1149 1021 1207 κέρατα
1041 1147 1256 1201 πολλάκις
1277 1148 1451 1204 ἔχουσαι
1474 1149 1651 1209 κεράδες
1671 1152 1910 1196 καλοῦνται.

300 1224 407 1274 Quae
428 1237 518 1265 cum
538 1226 593 1265 ita
612 1226 700 1273 sint,
730 1238 832 1266 unus
851 1228 1000 1267 tantum
1022 1229 1142 1267 restat
1161 1227 1421 1274 Aristarchus,
1452 1229 1515 1268 cui
1539 1228 1639 1269 hanc
1659 1230 1915 1270 Anacreontis

302 1299 518 1339 carminum
562 1301 826 1340 recensionem
865 1301 1103 1349 tribuamus,
1145 1313 1244 1353 quae
1287 1302 1336 1342 ab
1379 1302 1666 1354 Hephaestione
1710 1305 1914 1356 opponitur

299 1373 349 1428 τῇ
379 1372 451 1414 νῦν
480 1368 651 1414 ἐκδόσει
666 1374 731 1426 ⁹):
770 1377 971 1426 praeterea
1013 1377 1106 1427 quia
1146 1375 1371 1416 Athenaeus
1412 1378 1453 1417 in
1484 1377 1766 1425 dissertatione,
1795 1389 1913 1431 quam

301 1448 349 1488 de
390 1448 643 1489 Anacreontis
672 1448 717 1489 fr.
749 1448 800 1488 41
834 1449 1001 1489 instituit
1040 1450 1103 1498 (de
1133 1462 1210 1502 qua
1239 1462 1273 1490 v.
1304 1450 1405 1491 infra
1434 1463 1464 1490 s.
1496 1445 1651 1503 λύγος),
1692 1451 1790 1493 haec
1819 1452 1915 1493 dicit

302 1522 388 1571 (XV
422 1522 590 1571 671f.):
628 1516 918 1577 Ἀρίσταρχος
961 1517 984 1563 ὃ
1027 1519 1441 1578 γραμματικώτατος
1471 1556 1480 1565 .
1514 1555 1523 1564 .
1555 1520 1835 1580 ἐξηγούμενος
1862 1523 1914 1567 τὸ

299 1590 459 1651 χωρίον
491 1597 647 1646 (Anacr.
670 1597 694 1636 l.
718 1595 780 1650 c.),
811 1592 922 1652 ἔφη.
945 1630 974 1646 .,
1009 1598 1293 1646 Aristarchum,
1334 1600 1399 1651 qui
1442 1601 1696 1640 Anacreontis
1742 1602 1916 1642 carmina

299 1674 484 1722 perpetuo
526 1672 709 1712 instruxit
755 1673 1029 1713 commentario
1071 1665 1406 1725 (Ἀνακρέοντος
1444 1668 1678 1728 ὑπόμνημα
1719 1676 1915 1727 quoddam

301 1747 575 1786 commemorat
605 1745 721 1787 Orion
751 1745 789 1794 3,
813 1747 863 1786 11
895 1765 952 1779 =
981 1747 1026 1787 fr.
1060 1746 1171 1798 134),
1203 1759 1335 1788 eorum
1356 1749 1621 1788 recensionem
1643 1760 1794 1801 quoque
1814 1761 1916 1802 quae

305 1818 430 1860 valuit
459 1820 597 1860 fecisse
628 1832 704 1860 non
735 1822 820 1861 sine
850 1820 1122 1873 probabilitate
1156 1823 1280 1862 conici
1309 1823 1462 1874 poterit.

417 1893 559 1934 Suidas
590 1894 637 1937 (s.
668 1895 724 1947 v.)
755 1896 804 1935 de
841 1897 954 1947 poeta
995 1896 1108 1936 dicit:
1151 1890 1344 1950 ἔγραψεν
1389 1893 1557 1949 ἐλεγεῖα
1600 1894 1674 1937 καὶ
1719 1893 1916 1952 ἰάμβους,

295 1960 405 2008 Ἰάδι
437 1963 582 2009 πάντα
613 1965 841 2023 διαλέκτῳ,
870 1970 939 2009 ubi
959 1967 1067 2024 μέλη
1088 1971 1374 2018 desiderantum
1405 1972 1506 2023 quod
1535 1972 1680 2024 legitur
1698 1972 1917 2025 paullulum

300 2042 420 2083 infra:
452 2074 490 2083 ..
515 2075 522 2083 .
553 2039 629 2083 καὶ
659 2040 904 2099 συνέγραψε
936 2039 1145 2097 παροίνιά
1185 2058 1230 2085 τε
1268 2041 1378 2099 μέλη
1418 2042 1491 2086 καὶ
1532 2040 1717 2099 ἰάμβους
1756 2045 1832 2088 καὶ
1861 2039 1913 2088 τέ

300 2111 544 2170 καλούμενα
568 2110 915 2171 Ἀνακρεόντεια,
947 2118 1151 2170 Byzantini
1171 2120 1372 2160 cuiusdam
1395 2121 1468 2160 viri
1490 2121 1591 2160 docti
1611 2122 1917 2162 additamentum

304 2196 364 2231 est
397 2191 580 2241 (Crusius
610 2192 634 2232 l.
659 2205 688 2232 c.
710 2205 745 2244 p.
769 2192 911 2243 2041).
957 2194 1213 2233 Anacreontis
1243 2195 1415 2234 carmina
1435 2194 1543 2234 velut
1563 2194 1744 2247 Sapphus
1764 2207 1920 2248 quoque

301 2266 518 2306 secundum
549 2267 663 2306 metri
684 2267 951 2307 diversitatem
973 2267 1014 2307 in
1045 2267 1225 2319 singulos
1247 2267 1367 2308 libros
1389 2269 1614 2309 distributos
1643 2269 1765 2310 fuisse
1785 2269 1918 2322 Bergk

302 2437 438 2476 eiusque
473 2437 579 2476 gentis
606 2441 833 2476 paupertatem
869 2438 989 2468 acerba
1027 2437 1177 2469 irrisione
1211 2437 1356 2469 illudens
1380 2440 1450 2480 (23,
1476 2437 1532 2481 8):
1567 2439 1647 2470 nihil
1684 2440 1817 2479 timetis,
1853 2449 1919 2472 non

300 2492 462 2535 incendia,
486 2503 553 2525 non
578 2503 697 2533 graves
737 2494 861 2533 ruinas,
892 2504 959 2526 non
995 2495 1082 2526 furta
1116 2492 1218 2538 (facta
1247 2494 1292 2525 V:
1329 2505 1411 2527 corr.
1437 2494 1563 2539 Haupt)
1594 2496 1705 2537 impia.
1742 2515 1786 2520 -—
1826 2497 1919 2529 Haec

300 2550 397 2590 epodi
421 2551 543 2582 format

985 2676 1218 2696 ......

302 2722 388 2761 apud
413 2721 649 2753 Archilochum
679 2722 826 2753 nondum
851 2725 967 2754 exstat.
1004 2722 1055 2754 Cf.
1079 2724 1136 2754 Ar.
1162 2723 1249 2763 apud
1274 2723 1395 2756 Athen.
1422 2724 1471 2755 111
1498 2725 1538 2757 91
1553 2725 1584 2765 b,
1621 2726 1739 2757 deinde
1760 2725 1839 2757 ibid.
1865 2725 1912 2756 vl

302 2779 368 2811 263
382 2779 415 2811 d.

395 2834 429 2876 9)
454 2835 627 2866 Praeterea
661 2835 742 2866 haec
775 2836 929 2867 carminis
965 2837 1063 2876 primi
1097 2836 1233 2868 metrica
1270 2837 1469 2878 distributio,
1509 2848 1592 2878 quae
1626 2843 1761 2871 octonos
1794 2848 1912 2871 versus

303 2891 542 2932 complectitur,
565 2892 657 2923 illam
683 2892 859 2924 editionem
882 2902 950 2924 non
975 2893 1016 2924 ab
1042 2893 1164 2934 insigni
1187 2894 1330 2933 quodam
1354 2896 1568 2935 grammatico
1593 2906 1664 2928 esse
1689 2898 1809 2928 {aotam
1832 2897 1914 2928 satis

301 2949 434 2981 indicet.
