2144 3412
902 233 1185 279 -75-

248 363 269 403 Ι
300 363 395 412 222,
426 363 479 404 26
510 365 550 404 et
576 363 670 405 Hes.
700 376 730 404 s.
760 364 816 415 v.)
860 363 1021 405 Falsum
1067 363 1141 405 hoc
1184 365 1334 405 tantum
1366 366 1434 415 est,
1475 365 1579 417 quod
1607 363 1849 416 etymologus

240 419 416 461 Bacchae
442 432 468 461 a
495 421 567 461 deo
597 422 655 462 sic
690 422 907 462 nominatae
949 433 1036 462 esse
1065 423 1195 473 putat:
1233 433 1297 463 res
1327 423 1457 474 potius
1485 421 1583 462 haee
1612 424 1681 469 est,
1711 424 1755 462 ut
1782 433 1848 461 vo-

243 477 426 518 cabulum
456 473 714 532 Βασσαρεύς
742 479 837 520 item
856 491 881 520 a
915 473 1116 534 βασσάρη
1143 480 1319 532 pendeat.
1377 478 1538 519 Rectius
1577 480 1699 531 igitur
1727 480 1775 519 de
1805 490 1849 519 eo

239 535 386 576 iudicat
425 535 549 577 sohel.
580 535 691 577 Pers.
728 538 799 577 sat.
840 537 860 577 I
893 535 997 577 101:
1040 536 1269 577 Bassarides
1309 548 1443 577 omnes
1498 536 1671 577 bacchae
1722 536 1849 577 dictae

241 594 343 640 sunt,
372 593 441 633 sed
471 594 510 633 et
550 594 635 645 ipse
679 593 798 635 Liber
840 595 951 646 pater
988 594 1037 634 ab
1079 605 1126 634 ea
1163 595 1271 635 veste
1308 593 1423 634 talari
1454 605 1531 646 qua
1569 595 1701 642 utitur,
1731 605 1849 646 quam

239 649 408 691 Thraces
436 650 613 691 bassarin
643 653 794 693 vocant.
822 651 983 701 quidam
1013 663 1038 692 a
1057 651 1255 703 vulpibus,
1284 663 1449 704 quarum
1478 650 1649 703 pellibus
1677 651 1850 691 bacchae

239 707 530 759 mocinguntur.
597 708 734 761 vulpes
791 708 960 750 Thraces
1017 709 1199 750 bassares
1255 710 1404 749 vocant
1453 730 1507 737 —
1568 709 1674 749 Haec
1731 709 1853 760 igitur

238 766 413 805 veterum
453 777 554 817 quae
592 766 702 806 attuli
732 766 1074 818 grammaticorum
1113 767 1335 806 testimonia
1362 765 1554 806 Thracum
1585 768 1623 806 et
1652 766 1848 818 Lydorum

239 819 321 872 (vel
350 823 495 863 rectius
523 822 742 875 Phrygum)
772 835 1015 864 communem
1058 824 1252 876 quendam
1292 835 1439 863 morem
1478 823 1663 871 indicant,
1705 823 1850 863 Bacchi

241 890 385 920 numen
424 880 474 920 ab
515 882 681 932 utraque
720 882 836 932 gente
877 880 999 921 simili
1040 882 1118 921 ritu
1148 880 1399 928 celebratum,
1439 881 1540 933 quod
1571 893 1660 921 cum
1691 880 1850 920 aliunde

239 947 393 988 quoque
421 941 554 978 notum
584 939 636 978 sit
665 936 729 990 (cf.
760 937 884 979 Strab.
913 937 948 978 X
969 937 1070 979 471:
1101 950 1136 979 v.
1167 939 1283 978 etiam
1311 937 1457 983 Rohde,
1488 937 1641 989 Psyche
1671 950 1706 988 p.
1738 937 1850 986 300),

241 994 281 1033 in
312 994 476 1034 dubium
505 1006 644 1036 vocare
683 1007 759 1036 non
797 994 899 1035 licet.
959 994 1177 1035 Bacchicae
1216 997 1347 1034 autem
1389 994 1591 1046 religionis
1621 995 1728 1046 origo
1761 1007 1849 1034 cum

239 1052 397 1091 externa
426 1053 488 1099 sit,
529 1046 732 1107 βασσᾰρη
776 1063 928 1104 quoque
958 1051 1148 1092 Graecum
1195 1051 1428 1092 vocabulum
1473 1063 1557 1092 esse
1601 1064 1676 1092 non
1718 1054 1850 1103 potest.

238 1108 520 1159 Cyrenaeorum
553 1121 640 1150 esse
668 1121 803 1150 vocem
845 1108 1086 1161 etymologus
1124 1110 1279 1161 quidem
1321 1109 1416 1149 dicit
1444 1108 1519 1156 (Et.
1551 1109 1602 1149 M.
1637 1109 1728 1156 190,
1760 1109 1851 1158 58):

238 1161 406 1217 λέγεται
435 1162 662 1221 βάσσαρος
690 1161 717 1220 ἡ
747 1159 934 1220 ἀλώπηξ
961 1162 1073 1207 κατὰ
1084 1160 1322 1220 (Ηρόδοτον
1351 1161 1438 1206 ὑπὸ
1461 1162 1730 1220 Κυρηναίων.
1775 1166 1851 1207 Sed

238 1223 343 1274 apud
372 1223 608 1264 Herodotum
638 1224 714 1275 (IV
747 1223 847 1275 192)
887 1223 967 1264 alia
1008 1223 1131 1264 forma
1171 1223 1319 1275 legitur
1346 1219 1602 1277 βασσάριον,
1634 1225 1775 1264 deinde
1806 1236 1852 1264 ex

239 1280 323 1320 eius
353 1281 483 1321 verbis
513 1282 673 1322 minime
702 1282 863 1333 apparet
893 1281 1110 1332 Cyrenaeos
1141 1280 1298 1333 vulpem
1328 1282 1386 1322 sic
1415 1282 1688 1322 nominavisse.
1737 1282 1852 1334 Apud

238 1337 480 1390 Hesychium
523 1339 684 1390 quidem
725 1338 800 1379 hae
843 1340 994 1379 exstant
1032 1337 1208 1390 glossae:
1251 1333 1454 1393 βασσάρη
1484 1334 1718 1392 (βασσαρίς
1748 1340 1851 1380 cod.:

240 1406 300 1434 sm
356 1394 577 1446 Schmidt)·
618 1389 802 1450 ἀλώπηξ
845 1392 966 1449 παρὰ
1015 1391 1303 1450 Κυρηναίοις,
1357 1398 1395 1437 et
1438 1392 1744 1450 βασσάρ[ε]ια·
1797 1393 1851 1437 τὰ

238 1445 522 1503 &confflem
566 1448 606 1493 οἱ
649 1448 820 1506 Λίβυες
862 1449 1059 1506 λέγουσιν
1103 1452 1173 1504 (ad
1217 1454 1454 1494 Herodotum
1495 1455 1626 1505 redit),
1669 1455 1738 1495 sed
1777 1454 1850 1494 hoc

239 1510 399 1550 minime
429 1511 591 1551 dubium
622 1523 707 1551 esse
736 1513 872 1563 potest,
911 1512 1007 1563 quin
1037 1511 1256 1552 Herodotus
1299 1511 1373 1552 hoc
1410 1511 1493 1551 loco
1523 1511 1581 1562 (in
1613 1512 1848 1564 Libycarum

236 1567 439 1618 regionum
470 1569 748 1620 descriptione)
793 1568 990 1615 vocabulo,
1034 1569 1137 1621 quod
1182 1580 1228 1608 ex
1269 1570 1394 1621 ipsius
1433 1581 1611 1610 sermone
1651 1570 1686 1610 ei
1716 1571 1849 1610 notum

238 1623 416 1676 oratu),
444 1636 541 1666 usus
569 1627 622 1666 sit
650 1624 771 1678 (quod
801 1627 918 1666 etiam
948 1627 988 1666 in
1019 1625 1198 1666 crocodili
1240 1627 1395 1667 nomine
1424 1626 1526 1676 fecit,
1556 1627 1598 1667 Π
1629 1626 1694 1675 69,
1724 1627 1850 1668 Heca-

236 1683 367 1723 taeum
407 1684 588 1723 secutus:
628 1683 674 1724 cf.
715 1683 857 1724 Euseb.
898 1695 1027 1735 praep.
1058 1695 1115 1724 ev.
1145 1683 1179 1723 X
1207 1682 1232 1723 3
1263 1696 1299 1735 p.
1331 1683 1413 1724 466
1425 1682 1481 1736 b).
1539 1684 1665 1725 Immo
1705 1696 1795 1725 vero
1825 1696 1849 1724 a

236 1750 331 1780 voce
358 1738 552 1780 Thracum
582 1742 622 1780 in
653 1752 831 1782 sermone
869 1742 1024 1789 usitata,
1065 1752 1165 1793 quae
1203 1740 1362 1793 vulpem
1391 1741 1648 1793 significahat,
1692 1744 1730 1782 et
1758 1742 1850 1782 inde

239 1808 329 1837 eum
367 1796 516 1838 Bacchi
558 1797 666 1838 cultu
706 1799 755 1838 ad
793 1797 972 1850 Phryges
1011 1797 1200 1839 translata
1237 1799 1425 1850 originem
1458 1799 1567 1839 ducit
1593 1794 1849 1854 βασσάριον.

236 1848 460 1908 ,Βασσάραι
500 1855 623 1907 igitur
662 1858 753 1896 sunt
797 1855 1042 1896 Baccharum
1072 1857 1202 1897 vestes
1246 1855 1422 1908 vulpium
1467 1855 1639 1908 pellibus
1683 1858 1851 1898 ornatae.

238 1911 368 1964 Atque
396 1910 567 1952 'I'hraces
595 1912 755 1965 vulpina
784 1912 887 1965 pelle
918 1914 1056 1966 capitis
1084 1915 1308 1965 tegumento
1337 1925 1429 1954 usos
1460 1925 1546 1954 esse
1576 1915 1710 1955 dicunt
1730 1914 1852 1955 Hero-

240 1969 353 2009 dotus
383 1968 478 2021 (VII
509 1969 562 2010 75
611 1965 794 2025 Θρήικες
838 1967 887 2010 δὲ
933 1966 1012 2011 ἐπὶ
1052 1967 1134 2023 μὲν
1173 1971 1271 2027 τῇσι
1314 1968 1553 2026 κεφαλῇσιν
1593 1965 1850 2021 ἀλωπεκέας

235 2020 1289 2140 {izziaffssss‘z‘ssi‘zmssamisam
1291 2028 1403 2134 {¹01}
1419 2028 1515 2127 «ἒ
1518 2023 1531 2069 ²
1568 2026 1850 2140 5³?{15152231‘33

237 2143 370 2182 autem
413 2142 678 2183 testimonium
708 2144 852 2195 optime
891 2143 1141 2183 confirmatur
1183 2143 1278 2184 artis
1318 2146 1591 2185 monumentis.
1651 2144 1706 2185 Gf.
1746 2144 1854 2185 velut

238 2198 441 2240 vasculum
483 2198 582 2239 illud
614 2199 735 2241 Gelae
778 2203 985 2252 repertum,
1028 2202 1076 2240 de
1119 2212 1194 2253 quo
1237 2201 1318 2251 egit
1345 2200 1621 2253 Furtwaugler
1649 2202 1672 2241 l.
1705 2215 1748 2249 c.‚
1778 2203 1846 2243 ubi

237 2254 407 2297 'I'hraees
437 2255 635 2309 Orpheum
666 2260 867 2298 canentem
898 2259 1100 2298 audientes
1142 2257 1214 2298 hoc
1242 2260 1512 2310 tegumentum
1544 2259 1690 2300 habere
1720 2260 1850 2306 vides:

240 2313 282 2353 in
301 2312 523 2366 anaglypho
542 2314 806 2366 pulcherrimo
826 2315 891 2356 illo
909 2314 1163 2367 Neapolitano
1180 2314 1444 2367 (Baumeister
1464 2316 1504 2357 ΙΙ
1528 2315 1655 2369 1121)
1671 2316 1851 2369 Orpheus

239 2370 323 2422 ipse
353 2363 585 2427 ἀλωπεκῆν
623 2373 725 2424 gerit
740 2373 822 2426 ³⁶).
868 2396 915 2401 —
965 2372 1042 2414 Sed
1084 2373 1134 2413 ad
1174 2374 1426 2414 Anacreontis
1471 2375 1590 2415 verba
1634 2375 1851 2415 redeamus.

241 2470 472 2510 Διονυσιακός.
496 2470 664 2516 ποδήρης.
698 2492 739 2499 —-
776 2475 828 2507 Cf.
854 2475 953 2514 Prop.
980 2474 1029 2505 111
1058 2477 1110 2515 17,
1137 2476 1198 2506 29:
1225 2474 1368 2507 candida
1390 2475 1513 2508 laxam
1535 2481 1666 2508 muer-aso
1690 2475 1851 2519 (Baccho)

240 2517 325 2550 colla
348 2517 506 2558 eos-ussus
528 2519 626 2560 σὺιρὲι
650 2521 848 2553 Bassaricas
872 2521 982 2560 Lydia
1005 2521 1103 2552 mitra
1127 2530 1244 2552 comas.

334 2563 392 2607 u)
416 2565 569 2597 Fortasse
596 2567 751 2607 Aeschyli
775 2566 951 2606 teti-alogia
967 2567 1140 2607 Lycurgos
1165 2568 1194 2597 ei
1219 2566 1396 2598 obversata
1420 2571 1481 2606 est,
1507 2577 1578 2599 eam
1604 2569 1691 2600 enim
1717 2572 1851 2609 propter

239 2619 304 2650 res,
329 2610 484 2649 quesibi
508 2611 702 2653 agebantur,
735 2613 882 2652 insignes
915 2613 1085 2652 permultis
1119 2613 1322 2644 notissimam
1358 2614 1459 2645 fuisse
1494 2614 1732 2654 Aristophanes
1756 2615 1851 2647 testis

240 2660 299 2694 est,
323 2656 380 2695 qui
404 2665 535 2688 versum
559 2667 600 2689 ex
624 2668 663 2690 ea
686 2658 794 2690 reddit
819 2658 965 2702 (Thesm.
996 2656 1084 2700 13⁶).
1134 2659 1306 2690 Praeterea
1339 2659 1414 2691 iude
1439 2670 1458 2690 a
1491 2659 1601 2700 priore
1626 2660 1692 2692 fere
1726 2661 1850 2693 saeculi

239 2701 345 2742 quinti
370 2701 506 2734 dimidia
540 2707 633 2744 parte
666 2704 806 2736 Athenis
841 2709 1024 2736 accuratam
1060 2704 1271 2735 Thracios-um
1309 2714 1436 2736 morum
1473 2706 1623 2737 notitiam
1658 2707 1849 2746 pervulgari

240 2752 391 2789 coeptam
416 2758 488 2780 ease
511 2750 648 2781 vaseula
671 2750 788 2782 docent
813 2751 922 2789 attica,
948 2751 1068 2791 quibus
1086 2761 1149 2781 non
1167 2751 1267 2782 semel
1286 2755 1412 2782 tantum
1431 2750 1480 2782 'rb
1484 2761 1593 2783 rrrrr
1619 2753 1850 2785 vestimentum

240 2793 407 2834 depictum
433 2794 600 2827 invenitur
622 2795 678 2838 (ef.
704 2796 945 2837 rmwangler,
971 2798 1024 2828 50.
1045 2797 1134 2829 Berl.
1161 2796 1545 2837 Winckelmsnnsproar.
1572 2798 1670 2835 1890.
1697 2809 1729 2839 p.
1758 2799 1848 2840 1⁶9).

244 2857 276 2863 -
320 2840 393 2871 Non
431 2840 563 2880 probari
600 2845 707 2873 autem
731 2846 849 2884 potest,
884 2843 972 2883 quod
998 2843 1038 2874 de
1063 2842 1225 2874 vocabuio
1250 2842 1332 2874 dixit
1359 2841 1400 2873 G.
1426 2843 1539 2884 Meyer
1563 2844 1596 2875 in
1621 2844 1720 2877 Besa.
1748 2845 1847 2877 Beitr.

239 2884 302 2916 ΣΧ
331 2887 405 2918 120.
456 2885 558 2926 Κορὲ.
583 2886 691 2926 butor.
726 2889 813 2929 quod
839 2888 926 2920 idem
962 2891 1012 2928 (et
1035 2892 1110 2920 ante
1142 2898 1216 2920 eum
1241 2888 1401 2929 Legat-de,
1426 2898 1495 2929 ges.
1520 2889 1684 2923 Abdandl.
1710 2900 1742 2932 p.
1767 2891 1849 2935 270)

239 2931 374 2971 profert,
398 2942 415 2963 e
440 2941 558 2970 oeraeeo
582 2942 732 2966 sermone
755 2938 921 2974 sumptum
945 2943 1017 2966 esse
1042 2935 1183 2967 videtur.

330 2976 387 3020 86)
409 2978 570 3019 Exempla
604 2978 700 3011 huius
736 2979 915 3013 Bacchicae
950 2980 1054 3013 vestis
1087 2980 1200 3012 talaris
1235 2980 1415 3021 pantherae
1456 2980 1600 3021 pellibus
1638 2986 1775 3014 ornatae
1815 2983 1848 3014 in
