2144 3412
1101 822 1264 870 vita.

491 970 625 1011 Natus
664 983 754 1010 sum
796 970 880 1010 Leo
924 969 1083 1010 Weber
1125 970 1331 1011 Vimariae
1372 971 1415 1011 in
1453 972 1677 1024 Thuringis
1717 986 1752 1012 a.
1790 972 1829 1012 h.
1859 985 1892 1013 s.
1932 972 1988 1013 68

375 1041 529 1079 mensis
549 1039 659 1079 Iunii
691 1039 757 1078 die
788 1038 1003 1079 undecimo
1025 1044 1142 1091 patre
1163 1039 1352 1091 Hugone,
1389 1040 1460 1091 qui
1488 1041 1694 1093 gymnasii
1716 1040 1987 1082 Vimariensis

375 1113 463 1147 tum
505 1112 593 1148 erat
633 1107 864 1160 professor,
915 1112 1046 1147 matre
1087 1108 1201 1148 Rosa
1242 1122 1263 1148 e
1303 1114 1428 1160 gente
1467 1109 1774 1150 Bertramorum
1813 1108 1988 1150 Halensi

375 1176 562 1218 oriunda.
620 1176 741 1216 Fidei
772 1176 1006 1228 adscriptus
1036 1189 1125 1216 sum
1158 1177 1431 1229 evangelicae.

507 1245 717 1285 Vimariae
767 1245 1001 1285 litterarum
1054 1245 1268 1285 elementis
1312 1247 1497 1287 imbutus
1548 1247 1827 1300 gymnasium,
1876 1246 1986 1298 quod

372 1314 425 1354 Η.
455 1314 648 1355 Rassovii
690 1314 885 1366 auspiciis
925 1320 1012 1354 tum
1052 1313 1236 1366 florebat,
1282 1328 1356 1367 per
1400 1321 1486 1355 tres
1532 1329 1660 1356 annos
1704 1314 1985 1367 frequentavi3

372 1388 518 1435 postea
558 1388 694 1423 autem
736 1397 828 1423 cum
872 1388 991 1434 pater
1029 1383 1267 1436 Isenacum,
1310 1388 1357 1423 ut
1397 1384 1455 1424 ibi
1501 1384 1715 1436 gymnasio
1762 1388 1985 1437 praeesset,

371 1452 537 1504 publice
567 1457 738 1493 vocatus
762 1451 1014 1491 domicilium
1034 1452 1328 1504 transtulisset,
1349 1452 1502 1493 scholis
1523 1451 1985 1494 Carolo-Fridericianis

371 1521 553 1573 interfui,
595 1521 726 1561 donec
765 1533 863 1561 vere
906 1519 1003 1559 anni
1043 1520 1098 1559 88
1140 1519 1291 1560 studiis
1333 1520 1579 1561 academicis
1620 1521 1689 1572 qui
1733 1535 1798 1562 me
1843 1521 1983 1561 darem

372 1591 523 1643 dignus
552 1591 758 1630 iudicatus
789 1588 1041 1629 maturitatis
1071 1589 1307 1629 testimonio
1337 1589 1563 1630 instructus
1594 1603 1695 1630 sum.

488 1661 630 1700 Ienam
661 1664 798 1699 autem
827 1671 891 1698 me
915 1657 1082 1710 contuli,
1111 1663 1160 1697 ut
1190 1658 1342 1698 studiis
1370 1658 1632 1710 philologieis
1653 1672 1819 1711 operam
1830 1658 1980 1699 'darem

372 1729 510 1782 gentis
550 1729 782 1780 exemplum
818 1732 987 1767 secutus
1031 1741 1114 1767 non
1155 1741 1280 1767 unum
1309 1731 1482 1767 tantum.
1543 1727 1657 1775 Quae
1693 1727 1860 1779 quidem
1888 1731 1985 1780 post

371 1812 443 1839 sex
473 1811 634 1839 menses
665 1800 835 1850 propter
864 1795 1073 1848 stipendia
1105 1796 1301 1836 militaria
1329 1796 1492 1837 Isenaci
1530 1796 1722 1837 facienda
1751 1796 1984 1848 interrupta

369 1875 464 1920 post
505 1881 655 1907 annum
697 1865 833 1918 recepi
876 1867 1009 1916 iisque
1050 1865 1175 1905 Ienae
1216 1879 1291 1917 per
1336 1871 1401 1905 ter
1442 1879 1564 1906 senos
1610 1879 1772 1906 menses
1817 1864 1982 1906 deditus

371 1951 492 1977 eram.
553 1935 773 1976 Lectiones
795 1940 930 1974 autem
951 1934 1011 1974 ibi
1036 1934 1120 1974 adii
1148 1934 1428 1987 Delbrueckii,
1463 1934 1776 1987 Gaedechensii,
1806 1933 1981 1983 Gelzori,

371 2006 542 2058 Goetzii,
559 2003 881 2055 Gundermanni,
901 2003 1086 2055 Hirzelii,
1105 2002 1264 2056 Klugii,
1284 2004 1539 2056 Liebmanni,
1559 2003 1735 2056 Regelii,
1751 2002 1982 2054 Schraderi.

328 2109 331 2111 Α
369 2075 437 2115 Ad
458 2073 775 2115 exercitationes
800 2073 1019 2113 historicas
1042 2072 1199 2124 Gelzer,
1229 2075 1421 2113 metricas
1443 2073 1584 2125 Goetz,
1613 2072 1980 2126 palaeographicae

369 2145 664 2184 Gundermann
713 2142 892 2194 benigne
952 2141 1109 2181 aditum
1160 2141 1261 2182 mihi
1313 2144 1611 2194 permiserunt;
1670 2141 1979 2182 seminat-iorum
2029 2144 2035 2150 '

366 2213 609 2266 philologici
638 2217 680 2252 et
727 2211 951 2264 germanici
994 2210 1148 2251 sodalis
1189 2210 1251 2251 fui
1290 2224 1365 2264 per
1399 2225 1560 2251 annum.
1634 2210 1817 2259 Quorum
1859 2221 1977 2262 prae-

368 2288 580 2335 ceptorum
639 2281 819 2322 omnium
867 2283 910 2320 in
959 2280 1024 2321 his
1075 2280 1236 2320 Goetzii
1293 2294 1393 2332 erga
1440 2294 1505 2320 me
1556 2278 1885 2319 benevolentiam
1934 2282 1978 2318 et

366 2351 663 2392 liberalitatem
693 2355 813 2403 grata
841 2349 1036 2389 memoria
1065 2349 1234 2389 retineo.
1293 2349 1440 2389 Studia
1479 2348 1575 2388 inde
1615 2362 1640 2388 a
1668 2361 1766 2388 vere
1796 2346 1893 2387 anni
1921 2347 1974 2386 91

367 2421 610 2461 Monachiae
651 2434 726 2473 per
764 2424 829 2460 ter
866 2432 987 2459 senos
1026 2432 1188 2459 menses
1228 2421 1466 2459 continuata
1505 2431 1662 2458 summa
1702 2418 1895 2457 comitate
1934 2420 1977 2455 et

365 2490 620 2530 humanitate
650 2489 898 2530 adiuverunt
928 2489 979 2529 de
1011 2487 1161 2540 Christ,
1192 2488 1241 2527 R.
1272 2487 1445 2538 Schoell,
1485 2487 1536 2527 de
1565 2484 1773 2538 Wolfflin,
1803 2496 1975 2537 quorum

364 2562 408 2599 in
437 2559 668 2600 seminariis
688 2563 880 2611 receptus
901 2571 1022 2609 eram,
1053 2571 1100 2597 ac
1122 2557 1173 2597 de
1193 2557 1348 2608 Brunn,
1380 2556 1496 2596 cuius
1516 2556 1755 2607 benignitas
1785 2553 1840 2594 ad
1859 2566 1973 2594 exer-

366 2628 583 2668 citationes
605 2627 936 2678 archaeologicas
957 2632 1022 2667 ter
1041 2626 1198 2666 aditum
1227 2626 1405 2665 libenter
1424 2625 1525 2664 mihi
1549 2626 1733 2677 paravit;
1761 2627 1976 2676 praeterea

366 2696 558 2749 Stumpfii
587 2697 785 2737 lectiones
807 2696 958 2736 audivi.
1016 2694 1184 2735 Rudolfi
1205 2694 1401 2734 Schoellii
1421 2693 1664 2746 prudentiae
1683 2698 1726 2732 et
1742 2689 1974 2744 sagacitati,

365 2765 537 2806 Hem-ici
567 2766 618 2806 de
647 2765 823 2805 Brunnii
853 2765 957 2804 aciei
987 2764 1225 2816 ingeniosae
1267 2777 1388 2814 quam
1418 2763 1549 2803 multa
1579 2762 1752 2802 debeam
1780 2773 1845 2800 me
1875 2772 1972 2800 oon-

365 2833 550 2874 fitentem
579 2848 688 2875 nunc
718 2839 937 2885 utrumque
967 2848 1047 2874 non
1078 2846 1200 2886 posse
1231 2832 1372 2872 audire
1402 2831 1472 2884 pia
1500 2831 1696 2871 memoria
1725 2829 1848 2870 dolet.

478 2904 552 2943 Bis
583 2907 719 2943 autem
749 2904 895 2943 horum
928 2916 1126 2943 annorum
1167 2901 1301 2954 spatio
1343 2901 1396 2940 ad
1427 2900 1742 2941 exercitationes
1770 2897 1971 2938 militares

364 2972 622 3013 auhumnales
652 2976 847 3013 evocatus
876 2985 978 3012 sum.
