2144 3412
909 227 1195 269 -87-

248 353 342 393 ibid.
374 351 429 392 XI
459 350 598 392 7820:
638 344 730 392 ειτε
760 349 836 408 τὴν
865 345 949 393 ἀπ’
991 346 1176 407 ἀγκύλης
1214 350 1307 419 ιἠσι
1346 352 1440 401 τοῖς
1480 347 1678 403 νεανίαις,
1709 349 1859 393 λεικον

246 402 497 450 ἀντείνουσα
526 407 676 464 πῖαυν,
708 412 746 450 et
764 409 993 463 Aeschylus,
1023 411 1089 462 qui
1123 410 1362 461 κοτταβους
1389 402 1651 464 ἅγκυλητούς
1686 411 1861 450 nominat

244 467 389 518 (ibidu)
419 465 572 506 Ludum
604 466 779 507 Siculum
810 479 896 508 esse
915 470 1076 533 praeter
1104 469 1384 507 Anacreontem
1416 468 1511 507 dicit
1542 466 1684 508 Critias
1704 479 1859 519 quoque

245 524 349 576 apud
390 522 533 565 Athen.
572 523 643 563 XV
674 524 815 565 666b:
871 519 1086 574 κότταβος
1130 520 1179 564 ἐκ
1226 522 1404 578 Σικελνς
1449 520 1544 564 ἐστι
1582 521 1745 574 χθονὸς
1792 520 1860 565 ὲκ-

246 577 415 635 πρεπὲς
452 574 589 633 ἔργον.
647 576 824 632 λατάζω
863 584 991 623 autem
1034 585 1092 622 est
1131 582 1305 628 verbum,
1345 593 1421 634 quo
1451 582 1591 621 cottabi
1635 593 1681 622 ex
1721 582 1858 647 poculo

245 638 429 690 proiectio
458 639 591 690 propie
620 639 875 689 significatur,
906 640 1121 679 derivatum
1153 650 1176 678 a
1206 634 1357 690 λάταξ,
1389 639 1491 691 quod
1513 640 1573 679 est
1602 635 1653 678 τὸ
1685 639 1858 679 πῖπτον

245 691 295 736 ἐκ
324 693 403 750 τῆς
430 691 603 743 κύλικος
632 690 760 750 υγρόν
789 696 949 746 (Athen.
980 696 1034 736 XI
1065 695 1147 736 479
1163 696 1214 745 e).
1274 695 1385 736 Hanc
1415 707 1568 748 quoque
1597 708 1731 736 vocem
1762 697 1858 737 item

243 755 358 805 atque
387 746 603 803 κότταβος
632 764 719 793 esse
750 752 922 794 Siculam
952 753 1219 794 Dicaearchus
1249 753 1429 794 ostendit.
1459 753 1600 794 Athen.
1622 753 1691 793 XV
1715 753 1857 794 66611:

245 804 513 878 Δικαίαρχος
555 840 565 849 .
601 841 611 850 .
641 841 651 850 .
693 806 739 850 ἑν
782 810 843 864 τῷ
883 806 986 876 περὶ
1026 803 1235 851 Ἀλκαίου
1275 805 1348 850 καὶ
1384 806 1459 865 τὴν
1497 805 1685 876 λατάγην
1726 807 1858 866 φησὶν

242 858 354 907 εἶναι
378 861 635 907 Σικελικὸν’
621 862 759 920 όνομα
778 861 956 922 (λατάγη
976 868 1167 909 recentior
1196 870 1254 907 est
1273 866 1396 907 forma
1415 879 1483 918 pro
1516 862 1687 937 λάταξ).
1719 869 1856 935 Itaque

244 923 511 964 Callimachus
530 924 644 974 (ibid
661 924 742 965 668
756 925 816 973 b):
838 922 1000 966 πολλοὶ
1019 922 1094 966 καί
1110 920 1335 978 φιλέοντες
1352 917 1624 965 21120‘vvtov‘
1600 938 1708 979 ηκαν
1729 920 1856 978 ἔραζε

242 975 473 1022 οἰνοπόται
498 978 721 1030 Σικελάς’
701 995 749 1022 εκ
770 977 955 1022 κυλίκων
976 977 1178 1034 λάταγας.
1201 982 1315 1033 Apud
1336 982 1616 1022 Anacreontem
1637 983 1759 1033 igitur
1780 985 1857 1035 pri-

242 1049 351 1078 mum
390 1039 549 1090 quidem
579 1038 813 1079 vocabulum
841 1033 1056 1091 κότταβος
1084 1040 1290 1085 invenitur,
1320 1039 1388 1078 sed
1419 1038 1481 1078 vel
1511 1041 1600 1079 ante
1631 1051 1720 1079 eum
1752 1040 1855 1080 hunc

241 1094 377 1136 ludum
408 1098 451 1135 ut
486 1096 590 1147 apud
620 1095 718 1136 alios
749 1095 918 1136 Graecos
947 1097 1064 1136 Asiae
1094 1096 1188 1136 litus
1229 1098 1297 1135 sut
1335 1094 1486 1135 insulas
1516 1095 1731 1136 incolentes
1760 1098 1853 1137 item

238 1153 343 1205 apud
373 1152 538 1193 Lesbios
567 1164 720 1206 quoque
749 1154 871 1193 fuisse
909 1156 1042 1194 notum
1065 1155 1102 1194 et
1123 1151 1366 1204 divulgatum
1387 1155 1548 1205 apparet
1569 1165 1615 1193 ex
1636 1153 1698 1193 his
1721 1154 1852 1195 Alcaei

242 1210 373 1250 verbis
393 1209 552 1260 (Athen.
584 1209 639 1250 XI
670 1209 750 1250 481
764 1210 825 1257 a):
864 1204 1048 1278 λάταγες
1077 1207 1313 1251 ποτέονται
1342 1206 1546 1276 κυλιχνᾶν
1576 1203 1668 1252 ἀπὸ
1705 1213 1746 1251 T
1743 1226 1853 1279 ηιαν

352 1262 552 1318 κύαθος]
611 1267 658 1309 fr.
690 1266 755 1315 63,
786 1267 810 1307 5
842 1264 896 1308 τοὶ
924 1263 1006 1320 μὲν
1045 1261 1140 1308 δέκ’
1173 1264 1321 1321 ἐγχέας
1350 1261 1520 1318 ὕδατος,
1560 1265 1615 1308 τὰ
1647 1265 1776 1310 πέντε
1808 1262 1853 1310 δ’

242 1318 363 1365 οίνου
389 1319 593 1373 κυάθους,
634 1324 674 1366 h.
705 1336 736 1365 e.
766 1336 882 1365 urceo
912 1325 1132 1375 infundens,
1176 1325 1224 1366 cf.
1254 1337 1284 1365 s.
1316 1321 1483 1378 κελέβη,
1515 1337 1632 1378 quam
1662 1325 1740 1366 alio
1770 1326 1852 1367 loco

238 1381 300 1432 (tr.
331 1381 397 1429 32,
428 1381 473 1433 2)
503 1374 741 1434 τρικύαθον
761 1383 943 1422 nominat.
1003 1382 1063 1423 De
1093 1385 1196 1423 certa
1225 1383 1348 1434 igitur
1377 1394 1561 1423 mensura
1590 1386 1704 1435 poeta
1724 1385 1855 1424 utitur.

236 1462 292 1469 -
323 1438 483 1478 Variam
513 1438 636 1479 fuisse
667 1439 785 1480 huius
815 1439 995 1480 vocabuli
1035 1441 1116 1480 vim
1159 1439 1314 1491 glossae
1345 1440 1502 1481 docent:
1543 1440 1590 1481 cf.
1622 1441 1714 1481 Hes.
1743 1441 1854 1482 Phot.

238 1508 270 1537 s.
300 1507 335 1536 v.
396 1496 474 1536 Hcs
514 1490 718 1545 κυάθους.
763 1519 821 1525 --
863 1492 941 1538 ἐπὶ
982 1495 1058 1537 τοῦ
1106 1490 1370 1552 ἀντλητῆρος
1414 1497 1624 1538 adhibetur
1663 1509 1687 1538 a
1730 1501 1854 1550 poetis

240 1554 410 1603 comicis,
450 1564 613 1605 quorum
643 1553 748 1595 locos
789 1553 902 1595 affert
940 1554 1166 1595 Athenaeus
1195 1554 1229 1594 X
1261 1554 1391 1595 424a.
1450 1554 1657 1596 Praeterea
1694 1551 1855 1605 κυαθίς

240 1610 574 1678 frequentabatur:
606 1612 654 1651 de
683 1623 758 1664 quo
789 1612 838 1653 cf.
866 1612 959 1652 ibid.
989 1611 1044 1679 XI
1075 1611 1208 1654 480b.

353 1663 557 1718 λαλάζω.]
617 1668 662 1710 fr.
693 1669 759 1717 90,
790 1669 815 1708 2
855 1666 964 1723 μηδ’
1003 1663 1115 1710 ὥστε
1156 1669 1271 1735 κῦμα
1314 1664 1495 1709 πόντιον
1524 1664 1698 1720 λάλαζε.
1759 1671 1852 1712 Hes.

240 1718 422 1776 λάλαζε·
452 1721 558 1777 βόας
579 1720 680 1766 ‘noli
709 1728 879 1778 strepere
908 1729 952 1767 ut
979 1727 1085 1767 unda
1113 1719 1264 1767 maris’.
1310 1725 1398 1766 Alio
1427 1726 1510 1767 loco
1539 1739 1616 1767 non
1646 1728 1853 1770 invenitur.

240 1781 434 1823 Pindarus
464 1779 660 1834 λαλαγέω
690 1784 806 1824 dixit:
847 1784 893 1824 cf.
924 1783 968 1825 Ο.
997 1783 1052 1824 IX
1083 1784 1158 1824 40:
1170 1780 1261 1851 μὴ
1276 1783 1348 1825 νῖν
1377 1779 1553 1837 λαλάγει
1582 1780 1638 1825 τὰ
1668 1778 1850 1826 τοιαῦτ’.

241 1838 362 1881 schol.
391 1832 487 1880 αντὶ
518 1840 594 1880 τοῦ
622 1837 682 1909 μὴ
723 1836 865 1882 τοίνυν
898 1838 1074 1896 θορύβει
1106 1837 1179 1882 καὶ
1210 1838 1265 1882 τὰ
1293 1841 1473 1882 τοιαῦτα
1502 1837 1697 1897 φλυάρει.
1758 1843 1850 1883 Hcs.

238 1892 524 1948 λαλάξαντες·
554 1894 636 1953 βοή
639 1910 803 1947 σαντες.

352 1949 518 2006 λιάζω]
578 1912 636 1997 stry
654 1967 795 1996 novum
836 1955 941 2007 apud
979 1954 1243 1996 Ptolemaeum
1286 1951 1388 2024 περὶ
1427 1953 1644 2021 διαφορᾶς
1674 1954 1850 2024 λέξεων;

236 2011 388 2061 (Herm.
428 2012 537 2052 XXII
569 2011 719 2065 409)
766 2044 776 2053 .
808 2009 929 2067 παρὰ
975 2005 1254 2081 Ἀνακρέοντι
1293 2008 1407 2067 ιλιιν
1457 2010 1505 2054 δὲ
1557 2011 1610 2069 δὴ
1659 2008 1847 2064 λιάζεις)

236 2064 475 2135 (δηλιάζεις
492 2070 619 2110 codd:
651 2082 722 2110 em.
746 2068 930 2122 Wilam..)
963 2071 1021 2113 Os.
1042 2070 1151 2111 Pbot.
1174 2065 1359 2121 λιάζειν·
1370 2036 1489 2110 λίαν
1520 2045 1849 2112 ἐσπουδακέιαι.

238 2126 329 2166 Hes.
360 2122 524 2177 λιάζει·
555 2158 565 2167 .
639 2123 769 2167 ,λιαν
799 2122 1053 2178 σπουδάζει.
1088 2127 1202 2167 Falso
1232 2129 1389 2180 quidem
1420 2139 1444 2168 a
1473 2129 1670 2168 veteribus
1700 2141 1724 2169 a
1753 2125 1850 2169 λίαν

234 2184 470 2224 derivatum:
514 2184 559 2224 cf.
602 2183 709 2225 velut
737 2184 862 2236 Apoll.
892 2185 1019 2237 Dysc.
1040 2186 1087 2225 de
1117 2197 1224 2237 pron.
1256 2184 1309 2225 42
1341 2185 1382 2226 C.
1441 2185 1541 2226 Vide
1578 2187 1695 2226 etiam
1738 2187 1851 2227 Butt-

233 2251 373 2288 mann„
403 2241 526 2283 Lexil.
559 2239 609 2282 Ι2
636 2242 701 2289 75,
747 2243 813 2295 qui
846 2238 1104 2298 λελιημένος,
1146 2244 1249 2294 quod
1290 2244 1340 2283 ab
1379 2243 1515 2283 eadem
1545 2244 1666 2295 stirpe
1697 2245 1849 2295 pendet,

234 2297 389 2338 confert

348 2348 506 2422 λοξός]
566 2355 706 2402 fr.75‚
740 2357 759 2396 1
804 2356 935 2424 (poeta
974 2357 1022 2397 de
1062 2356 1194 2408 puella
1224 2369 1266 2397 se
1297 2357 1525 2408 despicienti
1557 2358 1686 2422 dicit):
1727 2357 1848 2399 πῶλε

238 2407 432 2467 Θρηικιᾏη
461 2409 508 2453 τί
537 2409 590 2468 δή
619 2426 673 2467 με
704 2410 833 2465 λοξὸν
877 2408 1073 2481 όμμασιν
1101 2410 1270 2466 βλέποι
1273 2425 1329 2454 σα
1361 2411 1518 2481 νηλεῶς
1547 2427 1730 2484 φευγεις.
1790 2417 1845 2457 Of.

233 2468 361 2509 Solon.
392 2470 435 2510 fr.
467 2469 533 2516 34,
564 2470 590 2511 4
631 2469 702 2511 νῖν
732 2467 783 2512 δέ
809 2484 886 2524 μοι
916 2466 1169 2525 χολούμενοι
1213 2468 1342 2523 λοξον
1372 2465 1657 2526 ὀφθαλμοῖσ’
1689 2468 1848 2526 ὁρῶσιν

236 2521 397 2576 πάντες
427 2521 539 2568 ω’στε
568 2523 699 2584 δήιον.
745 2550 800 2558 -
846 2529 1007 2570 Locutio
1051 2531 1154 2581 apud
1195 2534 1327 2580 poetas
1374 2528 1655 2571 Alexandrinae
1686 2531 1843 2572 demum

230 2585 370 2624 aetatis
399 2585 509 2625 redit.

345 2637 659 2710 Λυδοπαθής]
718 2643 848 2684 Schol.
891 2643 1028 2684 Aesch.
1076 2642 1115 2683 P.
1149 2643 1202 2683 42
1248 2637 1540 2710 ἁβροδιαίτων
1588 2637 1633 2684 δ’
1689 2639 1843 2685 ἕπεται

235 2696 400 2740 Λυδῶν
429 2692 576 2749 όχλος
619 2693 754 2748 όντως
781 2698 862 2754 γὰρ
893 2699 1081 2742 τοιοῖτοι
1112 2715 1152 2740 οι
1188 2696 1346 2742 Λιδοί.
1379 2698 1453 2742 καὶ
1482 2698 1532 2741 τὸ
1564 2695 1674 2755 παρ’
1711 2695 1844 2743 ’Λια-

241 2753 404 2809 κρέοντι
419 2751 748 2806 “Λιδοπαθεις’
770 2771 882 2807 τινες
902 2751 997 2799 άντὶ
1018 2756 1092 2799 τοῑ
1115 2753 1361 2812 rdma‘mg
1378 2758 1442 2810 (fr.
1461 2758 1570 2806 155),
1587 2758 1622 2799 h.
1639 2771 1672 2801 c.
1691 2759 1845 2800 obnoxii

229 2814 368 2854 iisdem
412 2808 781 2867 7r11'3wae,quibus
824 2816 933 2868 Lydi,
973 2816 1010 2856 h.
1042 2829 1074 2857 c.
1105 2815 1323 2867 voluptarii,
1366 2815 1590 2858 effeminati.
1650 2817 1705 2857 Cf
1736 2817 1845 2859 Eust.

233 2870 438 2917 1144,14
473 2871 511 2922 (e
542 2871 783 2924 Suetonio?).
815 2873 912 2914 Vide
943 2875 1059 2914 etiam
1090 2873 1232 2925 Bergk,
1263 2874 1403 2913 Anacr.
1434 2886 1471 2925 p.
1503 2872 1597 2915 240.

344 2925 522 2978 λῶπος]
555 2929 599 2968 fr.
632 2927 723 2970 80b
753 2926 837 2970 καδ
867 2927 915 2971 δὲ
947 2928 1096 2978 λῶπος
1127 2926 1324 2984 ἐσχίσθη.
1355 2930 1520 2983 Hippon.
1542 2930 1586 2971 fr.
1608 2930 1633 2971 3
1665 2930 1843 2985 κοραξι-
