2144 3412
946 210 1221 254 ..32-

278 343 476 395 proprium
516 344 584 383 est.
645 341 699 383 Of.
731 341 840 383 velut
878 342 1016 385 Kaibel
1056 345 1176 397 epigr.
1222 344 1329 385 1100
1369 339 1520 402 ἄνδρες
1560 342 1772 403 ἐποίησαν
1812 359 1884 391 σο·

280 412 451 472 φιάισιν
482 412 613 456 καλὸν
644 409 829 470 ἄγαλμα.
860 412 1110 470 ἐβούλευσεν
1149 421 1187 460 et
1216 414 1359 472 ἔρεξεν
1398 420 1519 462 simili
1557 423 1670 463 modo
1711 423 1813 464 iuter
1841 435 1883 464 se

281 493 453 544 opposita
485 493 588 539 sunt,
618 493 661 531 ut
689 485 906 542 βουλεύειν
936 493 974 532 et
1002 489 1110 547 δρᾶν
1138 494 1178 533 in
1208 504 1384 533 sermone
1413 494 1628 536 Atticorum
1659 497 1799 538 forensi
1819 496 1885 548 ²);

281 559 423 620 ἔρεξεν
452 566 574 617 igitur
602 577 677 605 nou
708 567 767 606 est
795 559 974 620 ἔβαψεν,
1017 567 1118 620 quod
1147 566 1326 607 Meineke
1356 567 1488 617 voluit,
1530 581 1654 623 neque
1698 572 1745 612 de
1775 574 1883 614 veste

279 651 352 679 acu
381 641 486 691 picta
525 640 600 680 dici
631 639 764 692 Bergk
805 642 910 681 recte
942 641 1139 689 iudicavit,
1179 642 1247 682 sed
1289 642 1392 681 idem
1423 647 1480 683 est
1521 645 1635 696 atque
1665 640 1883 700 ἐποίησεν.

282 713 478 766 Oppositio
498 716 541 755 ut
560 715 715 765 gravior
734 715 794 762 sit,
817 715 933 755 verba
950 726 996 755 ex
1017 716 1167 756 diverso
1189 715 1374 756 collocata
1394 728 1479 757 esse
1499 718 1618 759 vides.
1650 721 1882 761 Anacreonti

279 789 584 828 abiudicandum
614 800 687 829 non
721 800 807 829 esse
836 788 1003 829 feminae
1034 801 1173 830 nomen
1205 784 1396 845 Δύσηρις
1425 791 1579 833 indicat.
1629 792 1734 842 Quae
1765 794 1882 835 fuerit

281 864 517 914 compertum
557 862 747 904 habemus
788 875 833 904 ex
862 863 1048 904 Meinekii
1092 864 1139 905 de
1181 875 1226 904 ea
1268 865 1527 917 disputatione
1556 865 1615 917 (cf
1649 867 1881 910 Monatsber.

278 937 313 978 d.
343 949 491 989 preuss.
511 937 636 978 Akad.
666 939 701 977 d.
725 937 962 980 Wissensoh.
994 937 1114 989 1852,
1143 950 1180 991 p.
1211 938 1333 991 585):
1362 939 1436 979 fuit
1463 952 1559 980 uxor
1588 939 1878 991 mensuratim,

275 1011 499 1053 Thessaliae
520 1013 706 1064 principis
727 1012 933 1063 Larissaei‚
965 1014 1151 1061 eiusdem,
1172 1025 1289 1066 quem
1310 1015 1482 1055 muneris
1503 1015 1705 1056 cuiusdam
1726 1015 1879 1058 Baccho

278 1085 397 1127 oblati
429 1087 688 1127 dedicatorem
718 1086 827 1141 aliud
855 1088 1109 1128 Anacreontis
1139 1089 1380 1140 epigramma
1409 1088 1543 1129 laudat
1571 1091 1615 1129 A.
1636 1088 1678 1130 P.
1709 1090 1764 1131 VI
1798 1091 1878 1132 142

276 1165 350 1211 (=
383 1160 462 1202 103
489 1159 573 1214 B.):

477 1230 561 1292 Σήν
590 1248 636 1276 τε
663 1230 800 1291 χάριν,
833 1230 1030 1287 Διόνυσε,
1062 1232 1137 1277 καὶ
1167 1230 1325 1291 ἀγλαὸν
1353 1231 1483 1278 ὂὶστεϊ
1507 1232 1674 1291 κόσμον

565 1306 808 1364 Θεσσαλίης
835 1303 890 1364 μ’
924 1304 1104 1366 ἀνέθηκ’
1137 1303 1267 1364 ἀρχὸς
1291 1304 1593 1368 Ἐχεκρατίδης.

275 1384 406 1425 Primo
448 1397 561 1425 versu
599 1386 702 1437 quod
742 1384 890 1437 legitur
928 1380 1004 1441 σήν
1052 1398 1098 1426 τε
1137 1380 1274 1440 χάριν,
1313 1386 1404 1427 talis
1443 1389 1658 1428 structurae
1696 1388 1879 1428 vetustis-

273 1461 418 1500 simum
438 1459 655 1511 exemplum
685 1460 745 1500 sit.
789 1459 850 1500 De
877 1455 1013 1515 χάριν,
1045 1461 1146 1512 quod
1168 1461 1328 1501 eandem
1349 1462 1429 1501 vim
1459 1461 1577 1502 habet
1604 1463 1720 1515 atque
1740 1457 1874 1514 ἕνεκα,

274 1534 454 1586 pluribus
485 1535 565 1586 egit
593 1534 717 1587 Apoll.
748 1534 865 1586 Dysc.
896 1536 943 1575 de
975 1535 1069 1575 coni.
1098 1547 1136 1587 p.
1167 1534 1250 1575 514
1280 1534 1416 1584 Bekk„
1446 1537 1513 1576 ubi
1544 1538 1646 1577 inter
1673 1536 1753 1577 alia
1782 1536 1879 1578 haec

274 1621 426 1661 quoque
454 1609 655 1661 leguntur:
684 1603 750 1649 ἔτι
779 1605 927 1662 μέντοι
958 1606 1091 1664 φησὶν
1121 1603 1145 1650 ὃ
1182 1603 1377 1664 Τρύφων,
1417 1603 1476 1659 ὡς
1506 1608 1628 1666 παρὰ
1661 1607 1736 1652 τὸν
1755 1603 1878 1667 Εὖρι·

274 1677 406 1737 πίόην
448 1679 523 1724 καὶ
566 1677 631 1723 ἔτι
675 1678 826 1733 ἄλλοις
879 1684 1085 1739 ποιηταῖς
1127 1677 1385 1740 ὀνοματικῆς
1436 1679 1678 1737 συντάξεως
1720 1679 1876 1736 ἔτυχεν.

275 1756 476 1809 Euripidis
506 1759 699 1810 imprimis
730 1758 833 1799 hunc
861 1758 1041 1800 vocabuli
1070 1771 1186 1799 usum
1226 1760 1425 1812 proprium
1455 1771 1539 1801 esse
1568 1762 1672 1801 recte
1701 1759 1877 1801 animad-

273 1833 434 1872 vertisse
464 1833 566 1873 mihi
595 1833 749 1873 videtur
768 1834 1056 1885 grammaticus,
1087 1845 1178 1874 cum
1207 1835 1363 1886 saepius
1392 1835 1496 1886 apud
1527 1846 1617 1875 eum
1646 1834 1877 1875 inveniatur.

274 1908 501 1947 Accuratius
532 1908 611 1959 egit
641 1908 689 1948 de
720 1919 766 1948 ea
794 1919 837 1948 re
867 1907 1054 1948 Schaefer
1082 1909 1133 1948 ad
1164 1908 1323 1961 Gregor.
1354 1909 1402 1949 de
1432 1907 1535 1949 diall.
1566 1920 1601 1961 p.
1633 1908 1699 1949 32.
1756 1908 1872 1960 Apud

273 1981 509 2033 Aeschylum
547 1993 699 2035 quoque
741 1984 864 2023 exstat
901 1981 1024 2033 (Pers.
1059 1982 1178 2031 1017,
1215 1982 1330 2025 Eum.
1361 1981 1461 2036 920)
1494 1985 1531 2024 et
1572 1982 1872 2035 Aristophanem

273 2054 387 2108 (Ach.
436 2054 573 2110 1232).
631 2056 895 2097 Memorabilis
939 2059 996 2098 est
1039 2069 1175 2098 versus
1215 2058 1283 2098 ille
1323 2057 1385 2100 So.
1423 2057 1483 2099 Tr.
1526 2056 1608 2098 485
1646 2050 1787 2097 κείνου
1829 2068 1875 2096 τε

272 2126 346 2170 καὶ
376 2127 454 2186 σὴν
483 2126 531 2182 ἐξ
551 2124 651 2172 ἴσου
680 2128 827 2188 κοινὴν
843 2126 979 2186 χάριν.
1026 2132 1124 2173 Cum
1144 2133 1369 2184 pronomine
1387 2132 1606 2184 possessivo
1627 2131 1873 2195 coniunctum

268 2199 393 2259 χάριν
421 2206 461 2246 111
492 2207 600 2258 epico
631 2218 806 2247 sermone
836 2207 1006 2247 nondum
1035 2207 1239 2248 invenitur.
1296 2206 1333 2248 Ο
1363 2206 1444 2247 743
1476 2200 1598 2255 ὅστις
1626 2202 1676 2246 δὲ
1711 2198 1871 2260 Τρώων

270 2272 445 2335 κοΐλῃσ’
478 2276 557 2321 ἐπὶ
588 2276 706 2335 νηυσὶ
736 2276 916 2336 φέροιτο
947 2276 1023 2321 σὺν
1052 2277 1158 2333 πυρὶ
1188 2275 1356 2336 κηλείῳ,
1383 2275 1512 2336 χάριν
1529 2273 1732 2333 Ἕκτορος
1750 2271 1873 2333 ὀτρύ·

270 2367 433 2406 ναντος,
478 2355 658 2396 Hectoris
698 2356 748 2396 ad
790 2355 1048 2404 voluntatem;
1104 2356 1196 2396 Hes.
1239 2355 1306 2408 Op.
1348 2355 1428 2396 709
1473 2351 1582 2410 μηδὲ
1625 2348 1872 2408 ψεύδεσθαι

272 2423 469 2485 γλώσσης
496 2425 634 2484 χάριν,
665 2430 704 2471 11.
736 2443 766 2471 e.
796 2429 956 2483 linguae
997 2431 1123 2483 gratia
1151 2431 1318 2479 mentiri,
1358 2430 1558 2470 mendacis
1586 2429 1747 2481 linguae
1777 2439 1874 2468 esse.

274 2504 371 2544 Cum
412 2504 573 2545 articulo
612 2505 772 2547 adhibet
809 2506 925 2546 etiam
954 2505 1045 2545 Her.
1075 2504 1111 2544 V
1142 2504 1194 2545 99
1226 2502 1273 2546 οἵ
1314 2517 1361 2545 τε
1394 2496 1630 2559 Ἀθηναῖοι
1661 2496 1875 2544 ἀπίκοντο

364 2673 397 2714 8)
427 2676 477 2708 cf.
500 2677 591 2708 velut
614 2677 733 2708 Aesch.
756 2677 872 2714 Auem.
901 2676 988 2708 1605
1012 2676 1067 2708 ubi
1092 2677 1158 2708 dux
1180 2676 1271 2708 chori
1295 2676 1452 2716 Aegistho
1485 2675 1566 2707 haec
1599 2674 1696 2706 dicit:
1731 2667 1772 2712 ὃς
1795 2667 1870 2709 οὐκ,

272 2728 388 2774 ἐπειδὴ
413 2728 496 2777 τῷδ’
520 2734 584 2773 (Ag
587 2744 714 2765 mmmmm
718 2735 786 2775 oni)
810 2731 1014 2778 ἐβούλευσας
1045 2730 1159 2776 μόρον,
1193 2733 1317 2776 δρᾶσαι
1339 2728 1411 2767 τόδ’
1436 2730 1530 2776 ἔργον
1555 2727 1618 2766 οὐκ
1642 2729 1741 2773 ἔτλης
1776 2723 1873 2763 αὐτο·

272 2786 410 2827 κτὸνως.
458 2790 577 2829 Locos,
602 2792 721 2831 quibus
746 2792 826 2823 haee
861 2791 1043 2832 designatio
1067 2792 1182 2823 eodem
1206 2792 1302 2822 modo
1327 2791 1412 2823 redit
1444 2791 1499 2822 vel
1531 2790 1682 2822 similiter
1714 2787 1872 2823 variatur,

272 2846 458 2885 nuperrime
482 2849 615 2888 collegit
632 2850 674 2882 H.
694 2836 809 2888 (31111111,
834 2851 875 2882 de
898 2849 1136 2880 homicidarum
1153 2848 1187 2880 in
1203 2849 1377 2890 Areopago
1394 2848 1586 2881 Atheniensi
1608 2847 1739 2884 iudicio,
1762 2855 1796 2886 p.
1813 2846 1869 2877 41.

273 2899 359 2943 ῥέζω
384 2902 524 2935 ionicum
549 2909 598 2937 est
621 2910 653 2938 et
675 2907 796 2946 poetici
819 2906 978 2938 sermonis
1002 2907 1181 2947 proprium,
1206 2916 1245 2938 ex
1269 2916 1333 2947 quo
1350 2906 1490 2946 sumpsit
1504 2907 1602 2938 Plato
1615 2906 1700 2943 legg.
1719 2903 1736 2934 1
1753 2903 1818 2934 ⁶48
1832 2911 1871 2933 et

270 2957 319 2999 ὠς
343 2957 367 3003 ἠ
390 2958 487 3000 πόλις
512 2959 605 3004 ὑμῶν
633 2989 638 2994 .
665 2986 673 2994 .
699 2987 706 2994 .
731 2961 827 3007 ἡμᾶς
851 2959 889 2998 οὗ
913 2963 1027 3003 καλῶς
1051 2957 1075 3008 ἦ
1101 2963 1215 3003 καλῶς
1238 2962 1360 3008 ἔρρεξε.

2132 1406 2144 1608 nnn—mmmmm.
2132 1343 2144 1376 Ἀπ’.
2136 1302 2138 1306 -
2134 1279 2144 1284 c
2134 1246 2135 1250 Α
2138 1194 2144 1201 1,
2138 1148 2144 1169 »Η
2135 1108 2144 1115 -.
2139 1007 2141 1029 -Α
