2144 3412
897 239 1180 283 —47-

239 371 383 425 quibus
410 369 583 411 littera'
567 382 584 408 ι
614 368 760 408 inserta
790 370 875 408 esse
905 367 1058 414 dicitur,
1100 365 1197 406 haec
1227 377 1381 418 quoque
1410 363 1499 406 duo
1516 365 1693 418 exempla
1722 367 1844 406 nomi-

236 430 397 469 uantur:
427 419 649 482 πολιίτης,
679 420 910 480 μυθιήτης.
955 423 1064 464 Haeo
1093 425 1225 463 autem
1254 424 1597 474 grammatioorum
1630 423 1845 475 explicatio

238 487 306 539 qui
347 486 389 525 in
427 486 589 536 utroque
629 482 816 523 vocabulo
857 481 1085 534 epenthesin
1128 480 1270 521 saetam
1316 492 1402 520 esse
1443 483 1591 532 putant,
1632 481 1725 521 ferri
1768 493 1845 521 non

237 545 374 596 potest.
402 541 450 582 In
478 534 688 596 πολιήτης
708 539 824 590 (haee
844 542 903 580 est
931 539 1055 579 forma
1084 539 1231 578 ionica:
1261 538 1306 578 of.
1331 538 1369 577 Β
1390 537 1485 585 806,
1517 540 1655 579 Anaor.
1676 538 1721 579 fir.
1748 538 1781 586 1,
1798 537 1842 588 8)

236 599 456 641 terminatio
487 610 612 651 -ητης
640 609 728 637 oum
758 598 877 649 stirpe
907 593 1038 637 πολι-
1070 596 1273 636 coniuncta
1301 598 1378 642 est;
1421 607 1579 647 prorsus
1608 597 1737 636 autem
1767 570 1844 635 alia

243 660 302 698 eet
329 654 508 697 vocabuli
536 649 752 721 μυθιητῄς
780 654 970 695 formatio.
1029 653 1128 703 Quia
1158 654 1261 693 enim
1291 654 1410 705 stirps
1438 653 1575 705 μυθι-
1606 665 1680 693 ιιοιι
1712 655 1846 701 exstat,

240 714 339 755 nibil
368 713 473 753 aliud
501 714 621 752 restat
648 712 724 752 nisi
755 714 799 752 ut
826 723 898 763 per
924 711 1087 778 μυθιη-
1120 712 1157 750 et
1187 723 1286 764 -της
1314 711 1569 761 compositum
1600 722 1686 751 esse
1715 721 1847 750 suma-

239 783 337 812 mus.
385 772 512 822 Atque
541 772 585 809 ut
611 761 769 823 ἀγορη-
771 764 845 823 τής
873 770 923 809 ab
954 763 1202 822 ἀγορᾶσθαι
1235 769 1448 808 derivatum
1483 770 1551 815 est,
1590 769 1647 808 sio
1684 769 1844 822 μυθιη-

239 824 316 883 τῆς
344 828 448 868 redIt
475 827 524 867 ad
564 827 727 867 verbum
770 827 1072 867 desiderativum
1102 825 1281 878 μυθιᾶν,
1321 825 1423 877 quod
1464 836 1566 864 nuno
1606 837 1683 865 non
1713 827 1846 873 exstat,

239 889 371 926 tamen
401 885 595 925 exstitisse
632 884 760 935 putari
800 886 927 935 potest
962 882 1033 950 (de
1070 882 1135 922 his
1164 883 1295 923 verbis
1324 884 1366 922 in
1397 895 1505 921 -ιαω
1536 883 1767 923 exeuntibus
1797 885 1846 922 of.

238 942 461 991 Buttmann,
501 941 572 981 11¹
599 940 712 992 389).
755 942 917 996 μιθιη-
920 935 997 996 τής
1036 940 1158 991 igitur
1195 940 1444 979 scribendum
1488 941 1547 979 est
1586 939 1653 989 (de
1683 942 1847 980 aooentu

238 1000 285 1042 of.
315 998 555 1039 Lobeckium
586 999 636 1038 ad
666 997 888 1038 Buttmann.
920 997 944 1038 l.
966 1010 997 1039 o.
1026 1009 1061 1048 p.
1093 995 1217 1048 408);
1249 998 1382 1036 eodem
1413 997 1525 1035 modo
1556 996 1765 1037 formatum
1787 998 1847 1037 est

238 1050 446 1111 ‹int-armis
473 1056 647 1096 Herodes
677 1054 714 1102 4,
736 1054 802 1096 84.
860 1054 1066 1106 signifieat
1105 1054 1227 1104 igitur
1266 1053 1463 1093 hominem
1506 1054 1627 1094 verba
1666 1054 1846 1103 faciendi,

237 1114 420 1167 loquendi
449 1113 645 1164 cupidum,
674 1111 737 1152 vel
767 1113 873 1152 rixae
903 1112 1076 1151 deditum
1107 1113 1144 1150 et
1173 1111 1413 1157 seditiosum,
1444 1122 1534 1150 nam
1564 1111 1710 1163 μῦθος
1739 1112 1844 1151 idem

239 1174 356 1224 atque
386 1165 543 1218 στάσις
573 1171 639 1210 est.
700 1168 853 1236 Optime
895 1168 1083 1236 explicuit
1111 1168 1341 1208 vocabulum
1371 1167 1480 1208 Eust.
1514 1167 1636 1235 1901,
1658 1168 1711 1208 45
1745 1180 1848 1208 στα-

239 1224 419 1269 σιασταὶ
439 1223 700 1295 ἕπίρρητοι,
739 1220 767 1280 ’ἡ
806 1220 951 1275 άλλως
980 1220 1026 1266 ἐν
1063 1220 1230 1278 μύθοις
1272 1221 1347 1265 καὶ
1389 1218 1542 1278 μόνοις
1585 1220 1756 1276 ἔχοντες
1797 1222 1849 1266 τὸ

241 1280 410 1339 σεμνόν,
439 1277 467 1338 ὴ
495 1281 570 1324 καὶ
600 1276 807 1337 ἀγορηταὶ
825 1278 1046 1336 βλαβεροί.
1078 1282 1134 1323 Of.
1156 1282 1248 1324 Hes.
1269 1283 1539 1338 μυθητῆρες·
1572 1279 1849 1324 στασιασταί

240 1365 296 1373 -
327 1342 503 1383 Similem
546 1341 627 1381 vim
667 1340 786 1381 habet
822 1340 967 1394 μῦθος
1011 1341 1103 1381 Hes,
1134 1339 1201 1392 Op.
1234 1339 1315 1380 263
1347 1340 1482 1383 ταῦτα
1513 1336 1847 1410 φυλασσόμενοι,

236 1397 453 1467 βασιλῆες,
477 1393 648 1440 ἰθύνετε
662 1393 848 1466 μύθοις,
872 1392 1136 1452 δωροφάγοι,
1168 1395 1354 1437 σκολιῶν
1374 1395 1424 1438 δὲ
1444 1395 1578 1438 δικῶν
1608 1394 1687 1439 ἐπὶ
1707 1394 1849 1451 πάγχυ

238 1452 451 1498 λάθεσθε.
509 1455 585 1496 Pro
614 1456 786 1509 μυθους
815 1457 950 1508 optimi
981 1456 1137 1522 quidem
1170 1456 1324 1495 oodioes
1353 1456 1541 1507 praebent
1570 1450 1706 1505 δίκας,
1745 1457 1849 1508 quod

239 1516 393 1568 propter
421 1516 590 1554 metrum
620 1515 723 1553 stare
752 1525 827 1553 non
858 1515 1005 1565 potest;
1036 1508 1207 1565 μύθοις
1235 1514 1364 1564 potius
1394 1514 1589 1565 integrum
1622 1525 1707 1554 esse
1727 1525 1851 1565 nuper

241 1573 373 1613 doouit
400 1570 651 1623 Peppmssller
679 1569 835 1620 (Philol.
868 1571 933 1618 52,
955 1570 1067 1621 593).
1117 1570 1253 1623 μῦθοι
1285 1570 1360 1610 hoo
1389 1571 1512 1622 igitur
1540 1570 1623 1611 loeo
1654 1571 1851 1623 significat

242 1632 439 1671 certamen
476 1627 662 1669 iudiciale
701 1627 764 1668 vel
805 1629 1028 1675 orationem,
1075 1639 1152 1680 qua
1192 1629 1354 1680 uterque
1395 1639 1554 1668 oausam
1593 1639 1706 1668 suam
1746 1629 1850 1680 apud

243 1687 391 1728 iudices
431 1685 635 1726 defendere
679 1685 818 1726 studet.
877 1683 996 1725 Poeta
1038 1685 1191 1725 iudices
1232 1685 1424 1733 admonet,
1466 1687 1510 1726 ut
1548 1697 1704 1725 oausam
1749 1689 1851 1726 recte

240 1744 459 1785 diiudioent
500 1735 697 1793 (εὐθείας
738 1741 908 1783 ποιεῖτε
947 1738 1027 1791 τὰς
1062 1737 1229 1796 κρίσεις
1267 1742 1496 1810 Mosohop.).
1558 1742 1657 1784 Cum
1697 1738 1854 1792 στάσις

242 1802 495 1853 ooniungitur
531 1799 680 1853 μῦθος
723 1799 895 1841 Batram.
930 1799 1010 1840 135
1051 1830 1061 1840 .
1135 1796 1333 1867 βουλὴν
1362 1794 1543 1868 ξύναγον
1565 1799 1740 1869 (mures)
1772 1813 1854 1841 πο-

241 1854 322 1912 λέμ
326 1870 394 1899 οιο
439 1857 609 1897 κακοῖο.
651 1853 961 1926 σκεπτομένων
990 1850 1035 1897 δ’
1081 1849 1221 1897 αὐτῶν
1263 1851 1407 1898 πόθεν
1437 1852 1462 1913 ἡ
1493 1852 1649 1906 στάσις
1678 1872 1704 1914 r
1734 1871 1800 1906 τις
1830 1853 1854 1898 ὃ

243 1916 389 1971 μῐθος
418 1915 494 1966 (sio
523 1914 559 1955 V
579 1916 694 1962 reote,
725 1909 749 1955 ὁ
777 1872 971 1969 θρύλλος
1000 1913 1089 1954 alii:
1121 1913 1169 1956 of.
1188 1914 1335 1966 Bergk.
1357 1915 1443 1955 adn
1465 1915 1515 1955 ad
1534 1916 1677 1957 Anaor.
1699 1915 1743 1955 fr.
1768 1916 1852 1967 16).

242 1998 300 2006 —
329 1966 544 2028 μυθιητής
581 1983 694 2024 porro
734 1973 1018 2012 restituendum
1063 1983 1149 2012 esse
1192 1972 1346 2012 videtur
1383 1973 1487 2024 apud
1517 1971 1662 2013 Phoen.
1694 1972 1852 2026 Coloph.

243 2030 406 2098 (Athon.
435 2029 512 2070 m
545 2028 627 2071 530
641 2029 692 2080 e),
736 2029 804 2070 ubi
849 2029 897 2069 de
926 2028 1029 2069 Nino
1059 2030 1307 2096 Assyriorum
1351 2041 1445 2081 rege
1490 2029 1589 2070 haec
1627 2033 1853 2071 narrantur:

245 2081 863 2198 ῗᾶἴοῖἒῖἶηὲμῖῗῖἔέἒῖῒιὶ
874 2079 1315 2199 525232‘351233152
1330 2082 1775 2194 δέξῗὲἔοέιῖςέἔιέἕῗ
1765 2101 1856 2198 (1ἰῖ

245 2203 367 2245 verba
404 2201 533 2243 faeere
571 2202 706 2253 possit.
750 2223 805 2230 --
847 2200 931 2242 Hoo
969 2204 1098 2242 autem
1138 2201 1370 2242 vocabulum
1409 2203 1580 2242 ionicum
1622 2202 1775 2255 vulgari
1807 2215 1853 2243 ex

247 2260 418 2302 oratione
447 2260 542 2312 quin
570 2260 770 2311 sumptum
799 2259 861 2307 sit,
892 2259 1055 2299 dubium
1086 2270 1171 2299 esse
1201 2270 1277 2299 non
1305 2261 1441 2311 potest.
1486 2259 1541 2300 Of.
1573 2271 1673 2312 quae
1704 2261 1750 2300 de
1780 2272 1854 2300 usu

250 2317 392 2359 horum
423 2315 696 2365 vocabulorum
726 2327 797 2368 per
826 2315 921 2356 -ιᾶν
950 2316 1202 2357 formatorum
1232 2315 1391 2357 Lobeok
1430 2317 1479 2357 ad
1510 2317 1732 2357 Buttmann.
1764 2318 1790 2359 1.
1822 2330 1853 2357 o.

247 2387 286 2428 p.
317 2374 399 2416 390
429 2374 590 2415 addidit.

363 2431 473 2473 Haeo
501 2433 634 2472 autem
662 2431 793 2471 omnia
830 2431 949 2471 verba
989 2431 1172 2478 derivata,
1212 2442 1311 2483 quae
1350 2431 1454 2483 apud
1483 2432 1767 2472 Anacreontem
1797 2433 1856 2472 in-

251 2489 468 2536 veniuntur,
497 2487 673 2542 vulgaris
702 2489 892 2529 sermonis
922 2489 1094 2541 speeiem
1126 2500 1251 2529 nonne
1280 2500 1372 2541 prae
1402 2500 1445 2529 se
1474 2489 1628 2530 ferunt?

252 2581 290 2622 4.
338 2580 498 2622 Verbi
535 2591 607 2633 per
650 2580 777 2621 duas
820 2581 1255 2632 praepositiones
1296 2581 1576 2632 compositi
1619 2580 1715 2621 haee
1754 2582 1858 2633 apud

251 2639 535 2680 Anacreontem
565 2639 717 2679 exstant
747 2637 943 2690 exempla:

368 2707 413 2749 fr.
439 2706 472 2755 1,
489 2705 513 2747 6
535 2701 775 2762 ἐσκατορᾷς
797 2702 940 2756 πόλιν,
957 2707 1059 2758 quod
1082 2706 1153 2746 hoo
1174 2708 1323 2746 tantum
1344 2705 1425 2746 looo
1445 2706 1660 2754 invenitur:
1682 2707 1858 2747 eiusdem

255 2764 546 2835 compositioni·
566 2762 783 2832 exemplum
805 2763 995 2804 habemus
1015 2765 1056 2803 in
1077 2758 1392 2816 ἕσκαταβαίνω,
1424 2765 1524 2816 quod
1555 2763 1700 2816 legitur
1719 2777 1754 2804 ω
1776 2764 1858 2804 222

254 2817 279 2865 ό
305 2835 438 2874 χατον
468 2815 791 2874 ἐσκαταβαίνων
820 2821 879 2873 (1ι.
910 2832 941 2861 e.
971 2821 1208 2862 descendens
1238 2822 1279 2861 in
1309 2820 1482 2872 1ιοῐωιιι)
1513 2823 1551 2862 et
1579 2820 1744 2862 Stesioh.
1775 2822 1858 2869 8,1

254 2878 280 2922 ὁ
306 2893 395 2929 πας
425 2874 739 2931 ἑσκατέβαινεν.

370 2938 415 2980 fr.
446 2935 500 2977 23
531 2930 579 2977 ἐκ
620 2946 822 2989 ποταμσυ
866 2928 1147 2990 ’πανέρχομαι
1182 2965 1193 2975 .
1225 2966 1234 2975 .
1266 2966 1276 2975 .
1317 2935 1355 2977 1ι.
1386 2947 1419 2977 e.
1449 2947 1605 2976 sursum
1645 2937 1858 2977 ascendens
