2144 3412
1003 244 1256 285 -4-

332 374 471 431 (χαῖρε
503 370 630 427 φίλον
660 367 808 427 φάος’.
857 374 934 415 Sed
964 386 1153 427 quaenam
1185 380 1275 416 sunt
1315 377 1486 417 carmina
1516 371 1751 419 ἀπόθεταῖ)
1808 379 1936 431 Atque

328 447 443 488 Blass
474 447 563 495 (Rh.
594 447 643 487 Μ.
676 447 798 488 XXIX
835 448 939 497 156),
983 448 1118 489 collato
1150 448 1246 490 Plat
1279 449 1444 491 Phaedr.
1476 451 1557 492 252
1578 453 1602 492 b
1647 453 1729 501 (ubi
1775 451 1936 493 Homeri

329 515 533 561 ἀπόθετα
565 516 649 575 ἔπη
690 524 1038 562 commemorantur
1068 524 1106 563 et
1136 524 1210 563 duo
1241 534 1378 564 versus
1409 536 1454 565 ex
1485 525 1534 565 iis
1563 525 1805 578 afferuntur),
1845 526 1939 578 quia

330 595 424 636 haec
456 596 708 636 Anacreontis
738 596 911 636 carmina
940 596 988 636 ab
1021 596 1196 636 Himerio
1228 597 1321 637 item
1352 599 1610 647 nominantur,
1642 599 1714 640 bac
1742 600 1937 641 notatione

328 668 438 709 illum
471 680 516 709 ea
545 681 668 721 aeque
698 680 721 709 a
750 681 791 710 se
832 671 989 710 subdita
1031 682 1116 711 esse
1157 671 1329 711 indicare
1369 671 1538 713 voluisse
1580 676 1720 715 censet
1778 674 1939 716 Homeri

329 744 487 795 quidem
518 743 636 784 verba
662 744 717 784 ibi
748 755 771 783 a
800 743 961 784 Platone
990 745 1074 796 ipso
1114 745 1202 785 ficta
1242 757 1326 785 esse
1369 748 1517 787 constat
1556 746 1622 799 (cf.
1654 749 1758 788 enim
1788 759 1888 800 quae
1917 759 1939 788 e

329 817 482 868 Cratylo
513 817 624 858 affert
656 818 812 858 Lobeck
842 818 1035 871 Aglaoph.
1070 831 1104 871 p.
1137 819 1252 870 861),
1292 821 1329 859 et
1370 821 1474 871 apud
1514 820 1733 862 Himerium
1773 822 1937 863 eandem

330 903 482 943 quoque
512 903 594 932 rem
626 904 710 933 esse
742 893 864 933 conici
896 894 1045 944 poterit,
1078 894 1132 933 ita
1162 896 1205 933 ut
1235 893 1410 945 sophista
1445 905 1501 942 oa,
1530 906 1630 947 quae
1650 896 1780 935 verbis
1800 895 1942 937 ludens

332 977 378 1004 ex
418 965 480 1005 his
523 967 779 1007 Anacreontis
824 968 1064 1007 carminibus
1109 969 1265 1019 sumpta
1310 980 1396 1008 esse
1426 968 1596 1017 simulat,
1641 970 1725 1020 ipse
1769 970 1846 1010 sibi
1877 980 1942 1010 ex·

330 1041 579 1092 cogitaverit:
609 1042 678 1081 sed
701 1043 865 1081 metrum
882 1041 922 1093 ²)
943 1042 1104 1082 minime
1125 1041 1287 1093 vulgare
1308 1044 1367 1083 est
1385 1044 1453 1083 aut
1474 1043 1723 1090 cotidianum,
1742 1044 1943 1095 praeterea

329 1114 503 1155 Himerio
535 1116 598 1155 vix
620 1116 824 1163 usitatum;
856 1116 994 1157 deinde
1026 1099 1198 1156 carmina
1227 1109 1434 1157 ἀπόθετα
1467 1117 1532 1157 hic
1562 1129 1720 1169 prorsus
1743 1117 1828 1161 alis
1854 1129 1942 1159 ease

330 1189 518 1229 videntur.
578 1189 679 1230 Sunt
709 1191 812 1230 enim
844 1192 1018 1231 carmina
1046 1191 1240 1231 recondita
1269 1203 1369 1243 quae
1406 1192 1586 1232 omnibus
1606 1193 1768 1232 minime
1788 1194 1940 1243 praesto

330 1267 420 1303 sunt
438 1262 489 1314 ³).
571 1263 677 1304 Tunc
721 1267 848 1304 autem
896 1265 1086 1305 habemus
1131 1266 1391 1306 certissimum
1437 1267 1520 1306 eius
1565 1267 1622 1306 rei
1666 1267 1940 1314 testimonium,

336 1340 572 1389 quantopere
603 1340 775 1390 genuina
806 1340 1061 1379 Anacreontis
1082 1340 1254 1380 carmina
1274 1340 1551 1392 posterioribus
1571 1340 1740 1381 saeculis
1768 1341 1818 1381 ab
1836 1339 1940 1388 aliis,

331 1423 429 1463 quae
459 1413 508 1452 ad
540 1413 679 1453 horum
708 1414 964 1454 imitationem
994 1413 1093 1453 facta
1123 1415 1223 1461 sunt,
1254 1415 1433 1454 submota
1457 1427 1477 1454 e
1510 1414 1721 1466 legentium
1751 1415 1941 1455 memoria

335 1488 570 1535 evanuerint,
601 1489 644 1527 ut
674 1488 883 1535 Himerius,
915 1489 982 1540 qui
1014 1488 1111 1528 haec
1132 1489 1252 1540 prisci
1283 1489 1537 1529 Anacreontis
1558 1489 1731 1529 carmina
1760 1488 1941 1540 plurimis

330 1573 488 1612 prorsus
509 1563 641 1613 ignota
662 1563 778 1610 novit,
810 1563 1022 1602 doctrinam
1043 1574 1154 1602 suam
1186 1574 1276 1602 cum
1297 1563 1548 1603 ostentatione
1568 1563 1736 1614 quadam
1757 1562 1942 1604 exhibere

330 1637 506 1687 potuerit.
582 1636 780 1676 Himerius
824 1637 945 1689 igitur
988 1637 1117 1676 omnia
1158 1638 1411 1677 Anacreontis
1453 1638 1625 1677 carmina
1668 1637 1764 1689 quin
1800 1635 1944 1688 legerit

331 1710 492 1750 dubium
525 1722 599 1750 non
632 1713 700 1750 est.
762 1711 867 1751 Haec
897 1713 1027 1751 autem
1070 1712 1242 1751 carmina
1273 1703 1479 1751 ἀπίθετα
1519 1711 1694 1763 opposita
1732 1712 1823 1752 sunt
1849 1709 1942 1752 aliia

332 1785 459 1836 iisque
489 1785 670 1836 plurimis
701 1786 937 1832 notissimis;
981 1786 1065 1826 eius
1094 1786 1216 1837 igitur
1245 1788 1416 1837 tempore
1447 1785 1621 1826 delectus
1649 1786 1799 1825 tantum
1828 1795 1943 1837 quor-

332 1859 476 1898 undam
522 1861 776 1900 Anacreontis
821 1860 1038 1900 carminum
1079 1860 1128 1899 ab
1171 1860 1351 1900 omnibus
1394 1859 1606 1912 legebatur,
1651 1861 1755 1900 certe
1798 1870 1943 1908 eorum,

334 1944 434 1984 quae
465 1935 623 1985 perinde
652 1935 766 1986 atque
810 1935 942 1974 odaria
981 1935 1261 1974 Anacreontica
1299 1945 1502 1985 personam
1540 1935 1757 1986 proponunt
1796 1934 1943 1985 poetae,

331 2008 447 2059 atque
476 2008 670 2060 imprimis
700 2010 796 2055 eius,
827 2009 895 2060 qui
925 2010 1124 2048 senectute
1154 2009 1311 2061 quidem
1342 2020 1550 2060 oppressus
1590 2010 1721 2048 tamen
1750 2008 1873 2048 amori
1902 2009 1944 2048 et

331 2082 419 2122 vino
462 2082 616 2122 deditus
658 2094 743 2123 esse
787 2095 862 2123 non
906 2084 1074 2123 desierit.
1134 2082 1346 2123 Hominum
1376 2081 1641 2134 posteriorum,
1682 2082 1751 2134 qui
1788 2082 1942 2133 poetam

332 2158 453 2196 totum
482 2158 681 2210 percipere
712 2169 787 2197 non
816 2159 1003 2208 poterant,
1044 2158 1114 2198 sed
1145 2158 1229 2197 eius
1271 2157 1446 2197 notitiam
1487 2156 1683 2213 habebant
1711 2157 1868 2208 propter
1896 2166 1944 2196 ea

331 2232 493 2281 tantum,
524 2243 622 2283 quae
652 2232 693 2271 in
724 2243 766 2271 eo
797 2232 964 2272 maxime
985 2232 1156 2283 insignia
1176 2232 1226 2271 iis
1257 2243 1341 2271 esse
1361 2231 1603 2278 videbantur,
1633 2229 1730 2270 haec
1760 2229 1808 2270 de
1827 2231 1942 2281 poeta

427 2352 460 2396 2)
485 2356 622 2387 Meu-um
641 2360 708 2387 est:
731 2379 756 2384 -
771 2367 800 2384 υ
815 2367 844 2383 υ
858 2379 884 2384 -
898 2367 928 2384 υ
944 2380 966 2383 -
981 2367 1010 2384 υ
1024 2367 1054 2383 υ
1068 2367 1134 2384 ,υ
1161 2344 1165 2398 Ι
1191 2378 1217 2384 .-
1232 2366 1300 2383 υ..
1316 2365 1439 2390 υ--,
1467 2355 1555 2386 idem
1572 2358 1670 2394 atque
1689 2354 1812 2395 Sapph.
1831 2355 1873 2387 fr.
1889 2355 1947 2396 8⁶,

335 2412 394 2443 sed
419 2421 485 2443 non
511 2423 550 2444 ex
574 2414 701 2445 aeolica
726 2415 817 2454 poesi
852 2414 893 2445 ab
929 2415 1136 2445 Anacreonte
1162 2414 1320 2454 petitum3
1355 2413 1507 2452 dactylus
1541 2421 1600 2452 pro
1632 2411 1787 2443 trochaeo
1820 2412 1948 2451 positus

336 2469 481 2501 ionicum
506 2480 637 2510 quoque
661 2471 762 2503 fuisse
786 2471 920 2503 indicat.
971 2471 1162 2502 Diiambum
1197 2480 1270 2502 cum
1295 2470 1510 2510 ithyphallico
1545 2470 1754 2501 coniunctum
1786 2469 1889 2500 habes
1913 2469 1948 2500 in

336 2527 374 2557 fr.
393 2527 437 2559 30
463 2527 584 2568 (Hepb.
605 2538 638 2568 p.
657 2529 699 2560 55
718 2528 810 2570 W.):
836 2538 1153 2557 -υυ-υ-υ..
1181 2516 1186 2568 l
1211 2537 1473 2556 ...υ-ψ--.
1506 2527 1645 2557 Mettum
1669 2526 1801 2565 quidem
1817 2527 1951 2566 saepiu»

339 2584 372 2614 in
398 2585 568 2624 tragoedia
594 2585 678 2616 redit
703 2590 736 2617 et
761 2586 984 2618 Callimachus
1009 2595 1139 2626 quoque
1164 2585 1314 2630 adhibuit
1337 2583 1392 2627 (cf.
1419 2583 1528 2623 Περὶ).
1553 2594 1585 2623 p.
1612 2584 1654 2614 ⁶4
1673 2582 1753 2621 W.),
1776 2583 1834 2614 sed
1850 2582 1949 2623 primi

339 2641 440 2672 iambi
465 2643 628 2674 ansel-sis
653 2643 715 2674 hoc
741 2647 866 2675 tantum
892 2644 965 2675 loco
990 2643 1132 2674 inveniri
1150 2643 1288 2673 videtur.
1307 2659 1351 2664 —
1377 2641 1486 2681 Bergk
1505 2639 1639 2683 (Anacr.
1657 2650 1689 2680 p.
1708 2637 1789 2679 26¹1)
1810 2639 1950 2672 coniecit

337 2698 467 2729 initium
493 2709 564 2730 esse
590 2701 746 2731 carminis
770 2701 804 2731 in
829 2701 959 2731 laudem
984 2699 1169 2739 Hipparchi
1193 2698 1318 2738 scripti,
1342 2698 1429 2738 quod
1453 2702 1647 2736 argumento
1672 2697 1857 2728 confimari
1881 2706 1949 2728 non

340 2758 458 2793 potest.

433 2810 468 2855 ³)
495 2813 651 2844 Similiter
669 2814 791 2858 Athen.
810 2814 838 2844 V
857 2815 951 2845 2140
966 2812 1021 2856 (de
1034 2813 1242 2853 Apelliconte
1258 2809 1368 2854 Teio):
1395 2836 1402 2843 .
1422 2835 1429 2842 .
1450 2836 1457 2843 .
1476 2809 1535 2844 καὶ
1559 2809 1597 2843 ἐκ
1612 2810 1679 2844 τῶν
1696 2805 1805 2844 ἄλλων
1821 2807 1949 2843 πόλεων

340 2867 373 2901 εἴ
393 2879 425 2901 τι
449 2866 589 2903 παλαιὸν
616 2869 669 2911 εἴη
688 2868 746 2903 καὶ
772 2867 940 2904 ἀπόθετον
965 2864 1227 2914 (ὕφαιροῦμενος
1251 2866 1397 2912 ἐκτᾶτο),
1422 2869 1582 2901 Themist.
1598 2878 1644 2899 or.
1669 2868 1715 2899 1v
1741 2868 1802 2899 60:
1828 2867 1949 2907 στῖφος

339 2919 483 2969 ἀρχαίας
508 2925 629 2968 σοφίας
654 2922 693 2959 οὗ
718 2928 831 2968 κοινῆς
856 2923 936 2962 οὐδὲ
961 2925 993 2960 ἐν
1019 2925 1115 2971 μέσῳ
1133 2924 1402 2967 κυλινδουμένης,
1429 2920 1514 2958 ἀλλὰ
1533 2922 1671 2958 σπανίου
1695 2921 1754 2957 καὶ
1769 2917 1947 2957 ‹ineu-reu.

340 2983 390 3013 De
414 2993 447 3014 re
473 2983 549 3015 vids
575 2984 707 3015 Lobeck
731 2986 754 3017 1.
779 2996 806 3016 c.
834 2996 863 3026 p.
890 2987 967 3018 862.
