2144 3412
893 253 1176 295 -61-

235 374 487 435 πολυκρότῃ
516 390 602 447 (συν
634 374 931 445 Γαστροδώρῃ
975 374 1214 432 καταχύδην
1260 374 1447 419 πίνοισα
1488 393 1564 435 τνν
1605 373 1840 421 ἐπίστιονῖ

232 436 334 486 Quid
364 437 482 477 fuerit
508 429 534 490 ἡ
563 430 764 485 ἐπίστιος
805 436 879 487 (sc.
905 421 1066 487 κύλιξ),
1109 438 1251 488 optime
1283 436 1507 477 definivisse
1547 437 1647 477 mihi
1689 438 1843 478 videtur

238 492 567 545 schweighauser
605 494 678 533 ita:
728 505 825 551 nos,
866 505 956 534 cum
995 488 1188 547 ἐφέστιοι
1237 494 1353 534 etiam
1396 505 1530 534 omnes
1570 495 1773 535 domestici
1804 498 1843 535 et

237 549 531 591 contubernales
552 535 740 598 dicantur,
762 550 1034 591 contubernale
1054 550 1116 590 vel
1139 550 1339 590 convivale
1359 550 1540 616 poculum
1563 550 1842 600 intelleximus,

234 618 375 659 nempe
403 607 504 659 quod
534 618 667 647 omnes
698 609 882 648 convivae
919 619 1113 660 peraeque
1151 600 1414 659 participent’.
1474 608 1557 648 Hoc
1596 610 1719 661 igitur
1746 608 1841 658 loco,

233 675 309 717 quo
348 667 461 716 poeta
500 663 667 704 feminas
709 666 806 705 duas
849 664 1019 705 ludibrio
1062 664 1180 704 habet
1222 666 1407 716 potationi
1453 666 1614 712 deditas.
1654 665 1841 717 poculum

233 720 438 772 significat,
478 722 580 773 quod
619 721 741 762 altera
777 721 939 762 alteram
981 722 1155 762 certatim
1197 722 1364 762 bibendo
1394 734 1608 773 provocans
1637 735 1762 775 usque
1791 724 1842 764 ad

231 777 396 818 fundum
427 777 616 819 exhaurit.

346 830 699 888 ἐπιστρέφομαι.]
758 835 916 888 Duplici
956 837 1068 876 modo
1108 836 1238 876 media
1276 835 1400 876 forma
1444 838 1556 887 poeta
1599 837 1731 876 utitur.
1791 836 1841 877 Vi

233 892 421 943 genuina:
456 893 501 932 sr.
523 893 560 940 2,
581 893 606 932 4
638 889 922 947 ἐπιστρέφεαι
956 886 1001 932 δ’
1033 885 1246 946 υψηλὰς
1224 889 1359 946 ορέων
1379 888 1582 946 κορυφάς,
1615 894 1663 933 de
1683 893 1840 934 Baccho

234 949 403 989 dictum:
445 948 542 989 haec
581 949 720 990 locutio
750 951 920 1017 primum
960 951 1156 990 invenitur
1185 950 1288 1001 apud
1320 950 1534 990 Hesiodum
1564 950 1633 991 Th.
1665 950 1745 990 751
1776 950 1843 1001 (de

231 1005 308 1046 Die
340 1008 378 1045 et
405 1005 544 1057 Nocte)
577 999 682 1047 οὐδέ
709 1000 817 1047 ποτ’
850 1001 1103 1075 ἀμφοτέρας
1134 1002 1311 1059 δόμος·
1290 1003 1412 1055 εντός
1441 1002 1590 1074 ἐέργει,
1622 1000 1721 1046 ἀλλ’
1754 1003 1841 1048 αἰεὶ

232 1056 355 1130 ἑτέρη
398 1075 443 1115 γε
489 1059 635 1116 δόμων
683 1058 896 1104 ἔκτοσθεν
936 1059 1067 1103 ἐοῦσα
1104 1063 1234 1130 γαῖαν
1272 1058 1617 1132 ἐπιστρέφεται,
1653 1078 1675 1104 r
1709 1057 1754 1103 δ’
1786 1057 1841 1105 αὖ

232 1115 372 1173 δόμου
401 1117 523 1169 ἐντὸς
552 1117 682 1161 ἐοῦσα
710 1116 857 1173 μίμνει
888 1117 963 1188 τὴν
993 1113 1123 1175 αὐτῆς
1152 1114 1264 1174 ὥρην
1294 1114 1409 1170 οδοῦ,
1449 1116 1496 1168 ἐς
1525 1135 1549 1160 τ
1601 1134 1653 1160 αν
1682 1119 1841 1175 ἵκηται,

232 1182 271 1217 et
300 1177 338 1217 h.
368 1177 480 1217 Dian.
515 1178 565 1218 10
598 1173 738 1245 πάντη
768 1174 1077 1243 ἐπιστρέφεται
1111 1175 1263 1245 θηρῶν
1292 1152 1506 1219 ὀλέκοισα
1534 1174 1752 1232 γενέθλην.
1784 1200 1840 1207 -

229 1233 456 1275 Translate:
485 1235 531 1275 fr.
553 1234 605 1275 96
627 1248 768 1275 ουκετι
794 1230 1057 1288 Θρηικίης..
1074 1230 1445 1301 .ἐπιστρέφομαι.
1478 1235 1568 1276 Hes.
1577 1233 1839 1304 πλανῶμαι,

230 1287 444 1360 φροντίδα
475 1292 699 1344 ποιοῦμαι.
729 1291 782 1332 Gf
813 1291 982 1358 Theogn.
1015 1266 1098 1332 440
1130 1287 1295 1342 νίπιος,
1327 1305 1376 1340 ος
1404 1289 1479 1332 τὸν
1509 1288 1615 1345 ἐμὸν
1644 1289 1724 1345 μὲν
1754 1288 1839 1344 ε’χει

232 1344 333 1389 νόον
363 1344 408 1388 ἐν
436 1346 687 1403 φυλακῇσιν,
723 1348 809 1388 τῶν
850 1341 897 1389 δ’
929 1342 1060 1390 αὐτοῦ
1093 1344 1217 1389 ἰδίων
1246 1344 1371 1390 οὐδὲν
1412 1346 1740 1405 ἐπιστρέφεται,
1781 1350 1842 1391 So.

229 1405 303 1447 Ph.
335 1405 416 1446 599
457 1380 680 1456 Ἀτρεῖδαι
712 1398 834 1447 τοῦδ
868 1401 1205 1459 ἐπεστρέφοντο.

344 1457 514 1515 ἔραμαι,
545 1459 658 1516 ἐρῶ]
717 1462 938 1530 Utrumque
979 1465 1137 1516 quidem
1178 1464 1281 1528 apud
1312 1466 1595 1504 Anacreontem
1625 1465 1842 1511 invenitur;

234 1520 275 1560 in
306 1521 413 1571 epico
444 1523 574 1560 autem
617 1532 794 1560 sermone
839 1515 995 1574 ἔραμαι
1042 1524 1192 1561 tantum
1238 1522 1277 1560 in
1319 1533 1395 1560 usu
1440 1526 1509 1568 cst,
1541 1533 1630 1561 cum
1660 1522 1840 1572 genetivo

226 1577 475 1617 coniunctum
518 1577 628 1627 (item
673 1589 826 1629 quoque
871 1578 1015 1630 Sapph.
1059 1578 1103 1618 fr.
1135 1577 1188 1618 33
1232 1570 1399 1632 ι’ράμαν
1441 1574 1522 1631 μὲν
1567 1574 1651 1630 ἐγώ
1696 1574 1842 1628 σέθεν,

230 1627 389 1685 ”Ατθι,
421 1629 558 1675 παλαι
593 1630 744 1686 πόκα)
790 1636 857 1675 sed
903 1636 1073 1675 nondum
1116 1647 1203 1675 cum
1236 1635 1437 1682 infinitivo,
1477 1635 1584 1676 velut
1615 1638 1753 1675 Anacr.
1788 1635 1842 1676 44

226 1686 385 1746 ἔραμαι
419 1688 469 1732 δέ
497 1704 566 1731 τοι
598 1692 796 1746 σινηβᾶν,
826 1693 890 1744 qui
914 1693 1070 1733 additur
1090 1694 1206 1733 etiam
1226 1689 1398 1744 Theogn.
1424 1693 1532 1733 1155
1563 1686 1659 1733 οὔτ’
1682 1687 1841 1760 ἔραμαι

229 1746 458 1798 πλουτεῖν,
499 1748 611 1789 Pind.
642 1749 673 1789 P
703 1749 758 1789 IV
781 1749 833 1789 92
865 1745 1104 1801 ἐπιψαύειν
1142 1744 1315 1817 ἔραται,
1356 1749 1404 1790 N.
1435 1749 1529 1790 131
1562 1743 1639 1789 οὐκ
1683 1745 1841 1818 ἔραμαι

229 1803 369 1873 πολον
398 1801 444 1846 ἐν
472 1801 645 1859 μεγάρυ
678 1804 867 1846 πλοῦτον
896 1802 1186 1860 κατακρύψας
1216 1802 1340 1857 ε’χειν,
1370 1807 1430 1848 So.
1463 1806 1504 1848 Ο.
1538 1807 1578 1848 C.
1610 1807 1692 1847 512
1724 1803 1844 1860 ὅμως

226 1856 275 1903 δ’
306 1858 463 1918 ἔραμαι
496 1860 741 1904 πιθέσθαι.
802 1863 974 1905 Verbum
1017 1876 1307 1934 nonnumquam
1346 1866 1386 1905 in
1427 1876 1541 1916 prosa
1570 1876 1724 1940 quoqu‘e
1757 1877 1843 1905 ora÷

228 1921 333 1961 tione
363 1920 590 1961 adhibetur:
621 1920 667 1960 cf
689 1921 781 1962 Her.
803 1921 823 1961 1
845 1920 869 1961 8
901 1913 1027 1970 ουτος
1056 1918 1109 1989 δὴ
1140 1913 1199 1961 ὢν
1228 1916 1252 1961 ὃ
1283 1917 1544 1990 Κανδαύλης
1573 1917 1747 1991 ηράσθη
1767 1922 1844 1978 τῆς

232 1971 392 2018 ἑωυτοῦ
420 1972 631 2030 γιναικός,
681 1978 732 2019 96
771 1970 897 2027 ουτος
927 1973 951 2018 ὁ
965 1974 1173 2046 Δηιόκης
1203 1975 1413 2031 ἐρασθεὶς
1443 1977 1707 2033 τιραννιδος,
1746 1979 1843 2020 Plat.

228 2046 353 2087 symp.
396 2033 522 2075 2130.
571 2057 628 2063 —
677 2036 856 2075 Activum
904 2031 988 2089 ἐρῶ
1033 2038 1200 2088 primum
1248 2039 1372 2077 exstat
1414 2038 1517 2087 apud
1561 2036 1840 2077 Archilochum

231 2091 277 2132 fr.
309 2091 375 2138 25,
406 2091 430 2132 3
468 2087 747 2160 μεγάλης
689 2085 735 2132 δ’
767 2086 843 2132 οὐκ
885 2090 970 2145 ἐρῶ
999 2089 1262 2147 τυραννι’,δος
1310 2093 1408 2147 68ι
1392 2090 1532 2162 μα’χης
1567 2090 1616 2135 δε
1645 2107 1722 2146 τις
1739 2093 1842 2162 σῆςζ

230 2142 346 2189 ω’στε
366 2147 537 2201 διψέων
557 2162 688 2200 πιειν,
711 2163 772 2198 ως
792 2146 886 2202 ἐρῶ.
910 2150 967 2192 Gf.
989 2150 1249 2197 Anacr.sr.3.
1275 2151 1295 2191 1
1320 2146 1599 2203 Κλεοβούλοι
1618 2148 1698 2204 μὲν
1720 2125 1842 2204 ἔγωγζ

237 2201 334 2260 ἐρῶ,
366 2210 404 2246 et
432 2205 486 2247 89
519 2202 604 2258 ἐρῶ
633 2219 678 2247 τε
704 2204 824 2247 δεῦτε
854 2200 959 2247 κούκ
990 2204 1086 2261 ἐρῶ

347 2258 487 2316 ἕρμα]
538 2264 594 2305 cf
625 2264 849 2312 Buttmann,
878 2264 1003 2305 Lexil.
1035 2265 1077 2305 1²
1107 2266 1197 2305 111.
1231 2288 1282 2294 -
1307 2265 1510 2313 Vocabuli,
1541 2266 1643 2318 quod
1674 2265 1843 2331 genuine

234 2321 390 2361 omnino
419 2319 588 2373 lapidem
619 2322 825 2373 significat,
856 2322 960 2373 apud
991 2322 1203 2362 Homerum
1246 2325 1349 2363 certa
1378 2323 1437 2363 vis
1468 2324 1536 2370 est,
1575 2323 1628 2363 ibi
1662 2323 1765 2362 enim
1796 2322 1843 2362 de

233 2376 362 2429 lapide
383 2378 526 2419 dicitur
546 2379 634 2419 navi
656 2378 780 2419 fulcro
801 2381 996 2431 supposito
1019 2379 1079 2430 (B
1105 2379 1182 2420 154
1206 2375 1371 2432 ἕρματα
1403 2377 1532 2434 νηῶνε
1564 2381 1610 2420 cf.
1632 2381 1666 2420 A
1687 2378 1782 2427 486,
1804 2378 1842 2419 h.

230 2435 304 2486 Ap.
327 2434 426 2486 507)
446 2434 524 2487 ¹⁹).
553 2435 705 2476 Deinde
727 2437 812 2476 eius
834 2447 947 2476 usum
970 2437 1024 2477 ita
1047 2438 1297 2477 constitutum
1319 2448 1405 2477 esee
1426 2438 1546 2484 vides,
1577 2439 1620 2477 ut
1640 2435 1842 2488 scopulum

234 2492 389 2532 denotet
418 2494 537 2533 maris
567 2493 683 2533 undis
711 2496 866 2542 tectum,
897 2495 937 2533 in
968 2506 1056 2562 quo
1075 2495 1186 2534 navis
1227 2495 1474 2545 naufragium
1505 2494 1606 2535 facit.
1666 2493 1720 2535 cf.
1751 2493 1843 2534 Hes.

232 2561 264 2588 s.
298 2544 422 2602 ἕ’.ρμα
481 2552 619 2590 Anacr.
650 2550 694 2590 fr.
726 2549 779 2590 38
821 2543 1001 2605 ασήμων
1041 2545 1151 2603 υπὲρ
1183 2546 1382 2604 ἑρμάτων
1412 2548 1727 2606 φορέομαιῖο).
1787 2550 1842 2592 Of.

329 2684 384 2722 19)
409 2685 487 2715 inde
511 2686 669 2717 translate
692 2687 867 2717 adhibetur
890 2688 931 2718 de
958 2688 1088 2719 homine
1114 2688 1204 2718 urbia
1222 2687 1463 2719 stabilimento:
1490 2688 1533 2718 cf.
1560 2685 1592 2720 ll
1619 2688 1700 2727 649,
1723 2686 1751 2726 ψ
1779 2689 1840 2719 181

232 2727 321 2771 ῖρμα
344 2728 480 2771 πόληος.
505 2748 550 2754 -
574 2731 598 2764 Δ
626 2733 689 2763 117
715 2732 834 2772 sagitta
859 2734 1046 2764 nominatur
1071 2731 1253 2774 μελαινέων
1280 2729 1352 2775 ῖρμ]
1386 2730 1538 2767 ὀδυνάων
1569 2733 1720 2765 doiorum
1750 2733 1844 2773 quael

234 2776 384 2813 fulcrum,
409 2777 541 2808 doiorea
564 2777 720 2810 efficiens.

326 2822 384 2864 20)
407 2822 618 2863 metaphorae
642 2824 785 2863 speciem
811 2834 890 2864 prae
914 2834 949 2855 ee
976 2826 1083 2856 serunt
1117 2825 1197 2856 haee
1222 2825 1349 2866 verba3
1384 2831 1483 2865 poeta
1507 2825 1615 2857 dicere
1640 2824 1785 2865 videtur,
1808 2830 1844 2856 ut

231 2867 458 2899 condicionem
482 2877 575 2900 auam
610 2871 767 2901 incertam
804 2875 836 2901 et
861 2870 1079 2910 periculorum
1106 2872 1237 2911 plenam
1273 2871 1304 2901 in
1329 2877 1507 2911 conapectu
1532 2875 1646 2911 ponat.
1694 2870 1843 2902 Similem

232 2912 334 2953 igitar
358 2913 495 2945 adhibet
519 2914 742 2954 metaphoram
767 2920 866 2956 atque
890 2917 1044 2955 Alcaeus,
1080 2918 1135 2957 qni
1161 2917 1276 2947 urbem
1310 2925 1403 2948 auam
1435 2917 1653 2949 aeditionibue
1678 2916 1843 2949 turbatam

232 2968 351 2991 navem
377 2964 549 2991 ventorum
574 2961 608 2991 vi
633 2961 686 2993 vel
712 2961 774 2992 huc
798 2962 851 2993 vei
876 2963 957 2994 iiiuc
980 2963 1132 2994 iactatam
1157 2963 1251 3001 fingit
1274 2963 1329 3005 (fr.
1362 2964 1413 2995 18.
1442 2963 1507 3001 1⁹).
