2144 3412
950 193 1234 248 —3³7—

289 336 448 389 proelio,
477 337 518 377 in
548 348 624 390 quo
654 338 797 378 virtute
827 337 1010 378 omnibus
1039 338 1259 389 praestabat
1288 337 1524 390 aequalibus
1555 337 1748 390 Agathou,
1787 339 1826 378 et
1854 338 1895 378 in

289 411 564 453 lamentatione
592 411 747 453 funebri
767 411 939 453 adfuisse
969 423 1154 465 apparere
1174 413 1381 454 videatur?
1425 412 1655 453 Locutiones
1674 411 1895 452 homericae

288 487 329 526 in
358 485 432 527 hoc
461 497 616 538 quoque
647 486 927 539 epigrammate
955 487 1128 528 redeunt.
1160 482 1351 543 πυρκαϊή
1382 488 1430 528 de
1459 499 1552 539 rogo
1583 487 1729 528 (lictum
1749 486 1896 539 legitur

288 561 337 601 H
364 560 446 601 428
476 555 518 602 οἱ
549 557 598 601 δὲ
638 560 784 615 σιωπῖ
815 558 989 615 νεκροὺς
1025 559 1243 617 πυρκαϊῆς
1282 556 1508 618 ἕπενήνεον
1549 554 1775 615 ἀχνύμενοι
1802 561 1894 616 κῆρ.

287 634 464 676 Pendere
495 647 583 676 eum
613 636 662 676 ab
684 636 792 688 epioe
813 647 991 677 sermone
1012 635 1265 677 manifestum
1286 638 1346 677 est
1373 637 1567 688 imprimis
1596 637 1638 676 in
1658 636 1722 676 his
1741 636 1893 676 verbis:

286 703 434 750 οὔτινα
461 706 542 764 γὰρ
573 704 741 750 τοιόνδε
770 706 877 752 νέων
906 704 930 750 ὁ
960 706 1226 766 φιλαίματος
1243 705 1386 765 ’Ἁρης
1417 703 1638 766 ἢνάρισενε
1668 710 1714 751 cf.
1745 709 1783 750 E
1808 709 1892 750 844

285 779 361 825 τὸν
388 779 469 837 μὲν
484 778 626 839 ’Ἀρης
654 778 822 839 ἐνάριζε
840 779 1089 839 μιαιφόνος.
1109 779 1377 840 φιλαίματος
1410 784 1474 825 hic
1493 786 1662 837 primum
1683 785 1893 827 invenitur.

289 858 343 899 Gt
373 858 512 899 Aesch.
551 857 654 910 Sept.
687 858 740 899 45
770 852 889 915 ’Ἀρη
918 852 965 900 τ’
1002 852 1126 900 Ἐνυώ
1165 855 1240 900 καὶ
1281 854 1549 914 φιλαίματον
1597 854 1755 912 Φόβον,
1800 859 1892 900 Eur.

285 931 429 973 Phoen.
463 932 543 973 174
572 933 648 988 γῆς
677 928 937 988 φιλαίματοι
967 928 1076 988 ῥοαί,
1117 933 1234 974 Rhes.
1266 933 1348 973 932
1378 928 1455 974 καί
1484 926 1533 973 σ’
1565 927 1681 988 ἀμφὶ
1709 931 1784 989 γῆν
1813 930 1894 987 μὲν

287 1002 477 1060 πατρίαν
507 1002 800 1062 φιλαιμάτους
829 1007 906 1058 (sic
936 1007 1027 1048 libri
1055 1008 1178 1059 reete)
1208 1000 1345 1056 ἀλκὰς
1384 1000 1640 1058 κορύσσοντ’
1673 1001 1749 1047 οὐκ
1779 1003 1892 1048 ἐδεί-

281 1094 437 1134 μαινον
468 1081 637 1122 θανεῖν.
687 1082 889 1122 Anacreon
911 1083 1040 1122 autem
1062 1093 1152 1122 oum
1173 1082 1319 1122 diceret
1348 1077 1394 1122 ἐν
1423 1075 1708 1136 στροφάλιγγι
1739 1076 1892 1136 μάχης,

282 1156 494 1196 Homerum
530 1156 687 1208 quidem
716 1156 757 1196 in
789 1155 975 1196 vocabulo
1005 1150 1277 1211 στροφάλιγξ
1306 1157 1487 1204 sectatur,
1517 1157 1586 1196 sed
1606 1167 1695 1196 cum
1726 1155 1893 1208 pulchra

279 1229 483 1270 locutionis
500 1230 780 1272 immutatione.
809 1228 912 1270 Nam
933 1231 1037 1282 apud
1056 1229 1170 1270 illum
1192 1225 1465 1285 στροφάλιγξ
1485 1230 1533 1271 de
1552 1229 1726 1282 pulveris
1740 1232 1891 1271 tantum

279 1306 423 1345 vortice
466 1305 621 1357 ponitur
650 1303 715 1355 (cs.
753 1306 794 1345 Φ
825 1304 917 1353 503,
950 1305 1000 1345 Π
1026 1305 1120 1353 775,
1150 1318 1185 1344 ω
1216 1304 1303 1355 39),
1341 1306 1410 1358 qui
1449 1306 1708 1357 pugnantium
1736 1305 1890 1346 turbam

278 1381 346 1420 aut
375 1380 546 1420 occisum
578 1379 831 1420 circumvolat
859 1380 899 1420 vi
929 1381 1099 1432 corporis
1119 1381 1267 1421 ruentis
1297 1379 1441 1420 elatus:
1470 1380 1673 1420 Anacreon
1693 1381 1822 1420 autem
1844 1380 1892 1420 de

276 1465 408 1506 pugna
437 1454 542 1503 dicit,
572 1454 613 1494 in
642 1466 720 1507 qua
745 1453 807 1495 vel
827 1453 906 1494 huc
926 1455 989 1495 vel
1019 1454 1114 1495 illuc
1135 1455 1256 1495 armis
1277 1456 1512 1495 concurrunt
1542 1456 1580 1495 et
1610 1454 1890 1495 conflictantur.

280 1523 458 1584 στυγερή
487 1529 708 1569 nominatur
726 1523 852 1584 μάχη,
875 1531 919 1569 ut
938 1523 1133 1583 πόλεμος
1154 1526 1356 1583 στυγερός
1378 1529 1420 1570 Δ
1441 1528 1523 1570 240
1551 1530 1592 1569 Τ
1607 1528 1700 1569 230.
1731 1529 1890 1570 Homeri

279 1603 401 1655 igitur
429 1604 606 1656 vestigiis
628 1615 717 1644 eum
747 1603 837 1656 plus
866 1615 984 1656 quam
1014 1603 1134 1645 semel
1154 1604 1196 1644 in
1218 1604 1510 1656 epigrammatis
1540 1604 1720 1644 insistere
1741 1605 1891 1644 constat

280 1677 348 1728 (cs.
378 1678 427 1717 ad
457 1677 512 1718 VI
546 1677 637 1718 137.
662 1678 752 1719 141.
774 1677 888 1730 346),
919 1678 985 1719 hic
1016 1690 1104 1719 cum
1134 1678 1314 1719 libertate
1345 1679 1514 1731 quadam
1545 1678 1630 1719 eius
1660 1680 1889 1719 sectatorem

278 1764 367 1792 eum
412 1764 498 1793 esse
540 1753 729 1794 videmus.
775 1765 809 1794 v.
843 1753 864 1793 1
902 1745 1129 1808 Ἀβδήρων
1170 1747 1475 1808 προθανόνταε
1512 1765 1602 1794 cum
1642 1752 1716 1794 hac
1754 1754 1793 1794 vi
1823 1753 1889 1794 hic

276 1827 445 1879 primum
467 1826 611 1879 legitur
631 1822 952 1883 προθνήσκειν;
983 1828 1030 1869 cf.
1050 1827 1144 1870 Eur.
1166 1827 1320 1869 Heracl.
1342 1827 1424 1869 590
1457 1822 1711 1882 προύθανον
1729 1823 1887 1880 γένους,

275 1901 357 1943 Alc.
376 1901 456 1943 683
475 1895 524 1942 οὗ
538 1898 619 1957 γὰρ
634 1901 841 1958 πατρῷον
860 1899 976 1943 τόνδ’
999 1898 1211 1957 ἐδεξάμην
1231 1895 1376 1956 νόμον,
1393 1897 1567 1943 παίδων
1583 1896 1888 1958 προθνίσκειν

278 1972 486 2031 πατέρας,
517 1969 612 2018 οὐδ’
636 1971 882 2032 Ἑλληνικόν
912 1971 1251 2033 (ὕπερθνήσκειν
1272 1976 1373 2029 682)
1405 1979 1443 2018 et
1473 1989 1507 2018 v.
1539 1976 1632 2019 383.
1665 1978 1758 2019 620.
1790 1978 1887 2020 710.

274 2042 469 2104 αἰνοβίης
499 2053 769 2104 (compositum
800 2063 846 2093 ex
876 2046 998 2101 αἰνός
1028 2054 1066 2093 et
1093 2047 1194 2106 βίη),
1237 2052 1458 2093 vehementi
1498 2053 1633 2094 robore
1675 2054 1886 2106 praeditus,

275 2120 516 2179 πολεμικός
545 2126 607 2175 (cf.
629 2125 735 2167 Suid.
766 2139 798 2169 s.
828 2121 1042 2179 αἶνοβίας)
1072 2126 1146 2167 hoc
1174 2128 1324 2168 tantum
1345 2126 1430 2167 loco
1459 2127 1664 2168 invenitur.
1707 2127 1886 2181 Denique

275 2200 392 2241 etiam
421 2200 529 2252 βοᾶν
558 2195 657 2241 τινά
685 2200 903 2250 locutionis,
933 2201 971 2242 h.
992 2213 1023 2242 e.
1051 2201 1266 2250 lamentari,
1298 2202 1481 2254 conqueri
1511 2201 1680 2243 alicuius
1710 2205 1885 2252 mortem,

274 2276 581 2316 vetustissimum
621 2275 843 2328 exemplum
887 2275 954 2317 hic
996 2278 1129 2317 exstat.
1188 2274 1291 2316 Nam
1331 2276 1436 2328 apud
1476 2276 1690 2318 Homerum
1729 2279 1798 2318 aut
1826 2278 1885 2318 in-

274 2350 474 2390 transitive
504 2353 725 2403 usurpatur,
753 2352 822 2391 aut
861 2362 949 2391 cum
992 2351 1217 2391 accusativo
1254 2350 1470 2391 adverbiali
1502 2351 1752 2404 coniungitur
1781 2352 1886 2393 velut

274 2420 420 2479 μακρὰ
458 2422 580 2477 βοᾶν.
649 2425 706 2467 Cf.
748 2424 810 2467 So.
853 2424 912 2465 El.
954 2424 1050 2472 802.
1088 2425 1180 2466 Eur.
1218 2424 1352 2466 Troad.
1395 2424 1472 2473 28,
1513 2427 1559 2467 A.
1598 2426 1640 2467 P.
1684 2426 1760 2467 VII
1801 2426 1882 2468 486

274 2491 514 2553 (Ἀνύτης);
566 2493 758 2540 πολλάκι
802 2492 913 2555 τῷδ’
955 2491 1174 2555 ὀλοφυδνὰ
1214 2494 1347 2553 κόρας
1391 2496 1471 2541 ἐπὶ
1512 2495 1675 2555 σάματι
1718 2495 1884 2542 Κλείνα

274 2568 415 2628 μάτηρ
445 2566 668 2629 ὠκύμορον
699 2567 830 2615 παῖδ’
864 2568 1021 2626 ἕβόασε
1052 2569 1199 2629 φίλαν.
1244 2596 1301 2604 -
1346 2574 1429 2615 Hoc
1469 2576 1600 2616 autem
1642 2576 1884 2629 epigramma

277 2660 371 2689 num
402 2649 490 2701 quis
519 2650 773 2690 Anacreontis
805 2661 891 2690 esse
921 2650 1110 2702 negabit?

390 2722 471 2763 263
503 2723 577 2774 (=
610 2722 689 2765 118
719 2723 794 2776 Β.).

389 2797 530 2839 Kaibel
570 2796 662 2849 (Stil
694 2810 731 2840 u.
760 2798 854 2840 'l'ext
883 2799 920 2839 d.
958 2791 1112 2854 Ἀθην.
1145 2796 1244 2840 πολ.
1276 2811 1313 2851 p.
1348 2797 1424 2839 131
1457 2799 1543 2840 adn.
1574 2798 1619 2851 3)
1649 2800 1882 2841 Anacreonti

276 2873 516 2914 abiudicavit
534 2874 691 2925 propter
709 2868 926 2927 πατρίδος
946 2867 1045 2929 αἴης
1064 2873 1296 2915 locutionem
1318 2873 1567 2916 homericam.
1587 2874 1664 2916 Sed
1684 2874 1758 2916 hac
1779 2876 1820 2915 in
1839 2887 1882 2916 re

276 2959 353 2989 non
374 2947 614 2989 offendemus
634 2959 758 3001 neque
778 2949 818 2989 in
840 2960 894 2997 eo,
915 2949 1016 3001 quod
1038 2961 1153 2989 versu
1172 2949 1344 3001 proximo
1367 2948 1512 3002 legitur
1533 2944 1676 2991 Νότου
1695 2945 1879 2990 λαίλαπι
